2842 4636
429 183 661 248 ClllllS'llANl
692 186 867 249 LllSSENl.
1174 190 1243 250 xlx

51 375 192 445 nullum
220 373 458 443 vetustiorum
484 373 770 469 Bhagavadgitae
790 374 1066 446 scholiastarum
1091 377 1243 449 uonrioe

48 513 116 558 suo
144 501 422 558 commemorat.

150 603 245 672 Haec
269 603 299 671 si
324 615 422 672 recte
449 601 630 695 disputata
655 617 758 693 suut,
782 606 966 698 sequitur,
991 618 1032 676 ut
1054 603 1246 695 Crldharas

51 730 170 788 aetate
187 718 290 811 prior
311 717 358 786 sit
374 715 661 809 Madhustldana,
687 717 748 787 hic
767 715 1017 814 Sajanalt'lrja.
1056 718 1130 810 Qui
1149 748 1246 817 quo-

54 833 154 902 niam
169 856 291 902 versus
302 830 413 900 finam
429 835 560 903 saeculi
572 830 731 903 MCCCC.
746 834 886 926 vixerit,
900 834 946 905 ad
964 834 1126 904 medium
1140 836 1247 907 huius

51 948 186 1018 saeculi
213 946 338 1016 referri
369 944 482 1017 debet
508 947 819 1041 Madltustldanas‚
845 949 892 1020 ad
918 951 1020 1021 initia
1042 949 1245 1040 erdharas.

53 1064 245 1153 Attamen,
279 1086 392 1157 quum
430 1087 550 1157 neque
582 1065 627 1133 ab
662 1064 765 1132 omni
799 1064 1029 1136 dubitatione
1063 1079 1246 1135 remotum

53 1177 122 1267 sit,
149 1175 343 1263 (lrldharae
372 1176 504 1247 librum
536 1176 742 1248 adhibitum
775 1178 883 1248 fuisse
912 1203 934 1249 a
958 1179 1246 1274 Madlrustldana‘,

54 1315 178 1386 neque
204 1303 356 1383 certum,
384 1316 467 1361 eum
490 1317 511 1362 a
531 1293 769 1387 grammatico
794 1292 957 1362 eiusdem
985 1295 1155 1387 nominis,
1183 1298 1247 1391 qui

54 1434 131 1502 quo
158 1431 241 1476 usus
266 1409 313 1477 sit
337 1409 558 1503 cognomine
585 1420 621 1478 et
646 1408 838 1502 magistro,
862 1410 1038 1499 nescitur,
1067 1433 1142 1480 non
1168 1434 1245 1481 esse

57 1523 256 1614 diversum,
282 1536 453 1618 apparet,
476 1525 512 1592 in
541 1523 810 1618 probabilibus,
837 1547 913 1591 nou
939 1523 977 1593 iu
1003 1526 1110 1595 certis
1136 1527 1248 1595 ratio-

60 1639 169 1709 nibus
194 1639 327 1708 versari
354 1639 625 1733 quaestionem,
657 1660 768 1732 quam
795 1635 933 1706 idcirco
967 1637 1006 1707 in
1038 1639 1163 1709 medio
1189 1665 1248 1711 re-

55 1755 235 1849 linquam.

157 1866 429 1939 Commentario
462 1893 527 1938 suo
554 1868 699 1940 titulum
731 1864 1250 1966 Gau-Gttdhartta-Dtpitct

57 1986 81 2053 i.
110 2009 144 2054 e.
171 1983 359 2053 illustratio
392 1984 512 2052 arcani
538 1982 642 2052 Gitae
667 2006 812 2075 sensns,
845 1982 979 2054 indidit
1002 1981 1250 2055 Madhustlda-

59 2124 134 2170 nas.
169 2099 281 2170 Totus
307 2123 327 2168 a
353 2096 535 2186 Caularae
555 2099 769 2167 auctoritate
792 2095 943 2193 pendet,
969 2122 1079 2192 quem
1105 2112 1246 2169 tantum

60 2228 274 2306 veneratur,
301 2227 342 2283 ut
366 2215 423 2284 vix
448 2216 494 2283 ab
522 2213 598 2283 eius
631 2213 931 2308 interpretatione
965 2211 1155 2282 dissentire
1186 2239 1252 2285 au·

58 2328 156 2421 deat‚
183 2331 260 2398 imo
286 2327 512 2424 profiteatur,
539 2329 589 2397 nil
616 2327 713 2398 aliud
739 2330 808 2398 sibi
830 2328 936 2398 luisse
959 2329 1115 2421 consilii,
1140 2355 1252 2425 quam

59 2457 101 2514 ut
131 2443 315 2532 Caularae
347 2445 544 2514 sententias
578 2445 791 2539 explicaret,
824 2445 882 2513 cui
917 2443 955 2512 in
987 2443 1251 2538 interpretandi

62 2574 138 2629 arte
165 2559 317 2629 minime
340 2584 406 2655 par
422 2560 529 2643 sit.*).
583 2560 729 2629 librum
757 2559 834 2627 eius
858 2558 964 2627 titulo
991 2582 1056 2626 suo
1078 2559 1252 2661 Bhdslrju

161 2777 195 2864 *)
221 2782 435 2845 Prooemium
463 2781 516 2845 ab'
537 2779 630 2845 hisce
656 2779 808 2843 versibus
834 2779 970 2868 incipit:
1001 2769 1254 2857 mmmd-

59 2891 341 2983 atmwffrmpmr
374 2914 436 2961 ma:
462 2913 563 2984 πῆ
584 2885 639 2991 gt}
665 2882 943 2984 ffifflfflffiffiwlt
979 2909 1080 2984 uem·
1104 2895 1138 2957 in
1165 2918 1253 2956 mar-

61 3015 139 3104 gine
167 3011 353 3102 explicatur
385 3035 450 3101 per
473 3007 586 3089 ιτῐῇῦῖζ,
618 3033 684 3099 quo
719 3009 823 3074 verbo
858 3009 957 3073 utitur
980 3007 1252 3080 Madlrusddanas

61 3130 94 3191 in
122 3123 249 3217 epilogi
283 3126 358 3191 dist.
386 3130 418 3193 3.
455 3123 591 3189 Redde:
625 3125 780 3191 ”Summa
817 3125 1004 3189 intentione
1041 3121 1251 3190 considerato

62 3266 161 3307 sensu
185 3241 414 3305 commentarii
438 3240 478 3303 ab
497 3263 548 3317 eu,
567 3240 658 3304 cuius
685 3237 792 3328 pedes
809 3240 911 3303 sancti
940 3255 1024 3312 sunt,
1050 3240 1177 3330 scripti,
1202 3263 1254 3303 ar-

65 3381 184 3423 canum
213 3353 309 3420 Gitae
336 3379 487 3435 sensum,
521 3351 648 3446 singula
674 3353 747 3418 fere
773 3354 872 3418 verba
895 3368 1150 3442 persecutorqus
1176 3351 1254 3417 illu-

66 3491 172 3536 strare
213 3468 422 3561 aggredior«
482 3470 675 3558 Qankarae
689 3490 813 3532 nomen
848 3465 961 3530 laudat
995 3465 1073 3557 epil.
1109 3464 1185 3531 dist
1221 3466 1254 3533 3

67 3834 112 3881 ΞΠ
144 3813 243 3907 glsstt
274 3799 440 3904 watto
469 3816 545 3878 &trin
601 3814 733 3876 Lacuna
772 3836 885 3876 ve1sus
926 3816 966 3876 l¹¹¹
947 3808 975 3846 ¹¹
1009 3810 1166 3901 expletur
1203 3811 1255 3875 Ιε-

70 3931 200 4021 gendo:
231 3919 576 4020 fflfflQffl-
600 3928 763 3993 Versibus
791 3928 891 3992 utitur
915 3923 1020 3991 schol.
1050 3923 1093 3988 ad
1117 3924 1181 3991 Bt.
1210 3923 1253 3999 G

70 4044 134 4123 Ill,
162 4048 216 4123 2.,
250 4063 286 4109 ut
317 4043 434 4108 laudes
461 4041 632 4131 Qanlarae
660 4039 834 4131 praedicet
865 4057 897 4104 et
928 4039 1125 4128 obsequium
1157 4063 1251 4103 suum

70 4183 142 4248 erga
172 4184 248 4224 eum
283 4176 435 4224 testetur:
470 4145 591 4251 ἷὲπῗωτ
622 4157 696 4249 gatte-i
725 4158 825 4222 ansul
861 4148 1250 4244 gffiqfflwtffltffi'fflt
