2842 4636
451 178 681 240 Cttttts‘rtartt
715 180 889 241 ttssttvt.
1168 185 1264 243 XXIX

70 366 329 435 exercitatione
356 367 506 436 subacto
543 366 679 436 iudicio
715 367 813 437 hisce
846 368 996 439 testibus
1029 381 1192 461 utamur,
1228 385 1264 440 et

71 505 186 574 quum
212 480 413 552 cavendum
437 483 495 573 sit,
523 506 567 550 ne
595 484 632 550 in
656 482 777 551 inania
804 484 998 553 conamina
1022 496 1084 553 aut
1109 482 1264 555 effrena·

69 606 145 663 tam
174 593 361 666 divinandi
389 596 579 665 libidinem
606 621 662 665 res
685 597 808 665 critica
830 599 948 689 abeat,
974 610 1051 666 tum
1071 596 1265 691 agendum,

71 721 112 778 ut
144 710 295 779 vinculis
322 711 586 805 qualiscunque
621 710 889 804 superstitionis
924 713 959 780 io
990 712 1265 806 quaestionibus

72 822 254 893 historicis
281 824 536 919 investigandis
565 849 631 893 uos
657 826 821 921 restringi
850 850 895 895 ne
924 827 1112 920 patiamur.

175 937 228 1007 td
255 937 551 1033 Rhagavadgitam
579 952 618 1008 ut
637 952 806 1030 revertar,
829 941 1066 1035 paucissimos
1092 965 1133 1009 ea
1159 965 1264 1034 prae-

74 1054 137 1122 bet
169 1053 289 1144 locos‚
324 1053 387 1147 qui
422 1051 637 1147 depravatae
669 1055 867 1148 scripturae
901 1055 1145 1150 suspicionem
1185 1082 1266 1127 mo-

73 1181 172 1237 vent,
241 1168 331 1237 Nulli
377 1168 598 1238 dubitationi
644 1169 793 1238 obnoxii
836 1184 919 1239 sunt
964 1193 1085 1239 versus
1122 1172 1266 1266 longio-

73 1284 123 1352 ris
156 1307 369 1374 mensurae,
403 1283 465 1377 qui
499 1285 590 1352 ultra
624 1308 816 1352 numerum
848 1286 1064 1378 syllabarum
1100 1285 1266 1356 randena-

73 1423 155 1468 rum
173 1397 369 1490 excedunt3
397 1399 487 1467 haec
502 1399 599 1467 enim
619 1412 671 1468 est
693 1400 837 1469 licentia
855 1400 1059 1468 vetustioris
1075 1403 1267 1494 sermonis,

74 1537 186 1606 quam
215 1513 252 1581 in
286 1512 386 1582 hisce
422 1515 582 1583 imitatus
616 1526 669 1581 est
701 1527 830 1607 poeta3
864 1514 953 1583 alios
985 1514 1091 1582 huius
1126 1517 1267 1608 generis

72 1651 195 1696 versus
222 1652 263 1695 ex
290 1627 528 1722 Upanishadis
556 1640 758 1697 mutuatum
787 1651 870 1694 eum
898 1626 1018 1718 fuisse,
1046 1628 1082 1695 in
1110 1626 1267 1698 adnota-

74 1743 176 1812 tione
203 1742 276 1811 suis
303 1743 391 1811 locis
418 1742 539 1812 docui.
592 1743 645 1811 Ab
675 1743 732 1810 lais
765 1741 872 1835 igitur
898 1741 1138 1811 emendandis
1171 1759 1267 1817 recte

75 1881 114 1925 se
141 1857 315 1926 abstinuit
339 1857 569 1951 Schlegelius.
625 1856 768 1925 Diversa
796 1857 886 1925 ratio
915 1867 966 1924 est
992 1855 1144 1925 aliorum
1164 1859 1266 1930 loco·

74 1996 168 2062 rum,
196 1972 274 2065 qui,
298 1973 463 2066 quamvis
487 1984 661 2041 consueto
690 1969 836 2039 dicendi
863 1994 995 2065 genere
1021 1970 1145 2065 scripti
1171 1988 1266 2067 sunt,

73 2086 241 2157 oratione
273 2098 394 2154 tamen
422 2086 589 2153 laborant
616 2085 689 2154 sive
714 2085 806 2153 iusto
831 2084 951 2152 minus
974 2085 1167 2177 concinna,
1193 2087 1267 2158 sive

76 2201 198 2271 minus
225 2213 307 2294 aptc
334 2198 378 2268 ad
409 2200 598 2269 severioris
623 2199 875 2293 grammatices
908 2199 1022 2293 legem
1055 2223 1266 2272 accommo-

76 2317 171 2387 data.
225 2315 340 2384 Etiam
375 2315 442 2383 hos
476 2315 630 2383 intactos
664 2314 811 2408 reliquit
835 2313 1073 2407 Schlegelim‚
1103 2340 1170 2385 nec
1198 2319 1267 2386 mi-

77 2432 159 2502 nori
188 2432 283 2521 iure,
309 2443 349 2498 ut
375 2429 546 2524 equidem
574 2429 714 2519 sentio,
741 2428 826 2522 quia
855 2428 890 2495 in
930 2452 1057 2495 eorum
1091 2431 1267 2523 scriptura

76 2547 290 2642 conspirant
322 2557 399 2613 tum
440 2543 584 2613 codices
623 2557 701 2612 ttrm
738 2542 1011 2610 scholiastarum
1045 2543 1268 2635 testimonia,

75 2687 197 2757 neque
224 2685 374 2755 prorsus
400 2659 598 2729 necessaria
621 2681 697 2728 esse
722 2655 864 2726 videtur
887 2654 923 2723 iu
948 2653 1114 2748 plurimis
1139 2680 1266 2726 emen-

75 2776 187 2846 datio.
207 2775 240 2861 *)

176 3108 207 3194 *)
235 3111 312 3175 Non
339 3108 481 3173 alienum
510 3109 550 3172 ab
575 3108 639 3173 boc
666 3106 741 3173 loco
768 3109 830 3172 erit
856 3107 959 3173 hosce
984 3106 1076 3174 locos
1101 3108 1264 3178 indicare.

74 3230 118 3308 ll,
136 3231 196 3299 35.
224 3252 253 3292 c.
282 3225 313 3290 d.
342 3223 537 3288 mendosum
568 3242 616 3287 cst
642 3212 776 3294 autW
802 3242 857 3288 aut
881 3240 969 3312 {iffa
997 3223 1089 3314 quod
1117 3219 1266 3310 Cridlaa·

76 3370 134 3410 ras
163 3341 309 3433 explicat
333 3365 394 3431 per
418 3354 491 3428 ega,
519 3335 804 3402 Modlrusridanus
827 3356 937 3403 autem
962 3362 1025 3428 pro
1050 3341 1186 3406 arbitrio
1204 3366 1265 3408 suo

76 3457 213 3548 ellipsin
240 3454 348 3544 lingit:
381 3442 463 3518 W·
485 3495 500 3506 -
522 3439 752 3549 -ᾶξῇὓῇτέῇ
770 3471 937 3547 ²1&an
965 3473 1099 3519 etc--r
1127 3474 1264 3548 {fawel

72 3566 131 3637 W
155 3588 227 3660 ξῑξδῖῐ
248 3587 392 3669 wan
415 3567 471 3660 W
493 3557 571 3632 eluat
626 3571 771 3634 Maxime
806 3567 919 3659 placet
944 3567 1122 3658 Sclrlegclii
1151 3576 1266 3640 conie-

75 3705 166 3753 ctura
193 3688 259 3773 W
288 3720 332 3730 -—
362 3685 403 3761 Il,
428 3682 485 3761 54,
514 3712 540 3748 a.
568 3683 685 3748 falsum
721 3682 854 3748 videtur
887 3708 958 3748 csse
988 3700 1072 3763 ²W,
1099 3709 1266 3777 sequente

76 3827 152 3867 mox
174 3789 281 3865 multo.
336 3803 399 3864 Per
420 3799 510 3864 mutui
543 3817 674 3863 ettarrat
703 3800 799 3863 etiam
822 3795 1119 3863 Madlausddanas.
1148 3837 1194 3850 -·-
1223 3808 1263 3887 V,

76 3919 133 3994 at,
161 3917 193 3983 b.
221 3916 357 4004 afflet,
392 3915 448 3978 ubi
473 3931 526 4003 oct
553 3913 711 4003 explicari
742 3911 878 4003 quidem
904 3930 1035 4003 potest,
1069 3917 1266 3986 concinnius

75 4049 186 4096 tamen
215 4031 303 4096 soret
328 4049 367 4095 δι.
396 4063 441 4076 -·
470 4028 545 4103 Vll,
566 4028 619 4102 18,
648 4029 678 4090 b.
704 4029 756 4092 tad.
809 4025 886 4092 Vid.
914 4025 1033 4089 adnot.
1054 4059 1090 4066 -
1126 4027 1213 4106 Vlll,
1230 4041 1264 4111 7,

76 4144 107 4208 d.
138 4163 170 4208 et
197 4145 324 4226 XVlll,
347 4145 404 4223 68,
432 4141 465 4208 d.
493 4141 611 4220 asiam,
640 4139 682 4204 dc
710 4164 775 4231 quo
805 4139 867 4204 vid.
895 4138 1014 4202 adraot.
1040 4137 1082 4202 ad
1110 4141 1203 4217 Vlll,
1230 4149 1265 4212 5,
