2856 4642
173 165 296 225 xxxiv
647 160 893 223 stannatio-

173 365 277 446 paret
302 350 380 420 sine
406 347 563 445 longiori
590 346 838 443 disputatione
865 373 940 421 non
964 348 1049 425 satis
1072 361 1239 420 accurate
1266 370 1375 444 posse

173 464 436 555 demonstrari,
468 461 567 541 unde
600 461 762 537 derivata
788 463 861 532 sint
891 463 1032 557 singula
1066 464 1203 558 capita,
1238 465 1375 558 quibus

175 580 343 651 doctrina
369 579 407 648 in
433 576 698 672 Bbagaradgita
728 577 918 673 proposita
950 577 1184 670 continetur,
1213 581 1374 674 quibus-

175 721 248 792 que
274 695 426 767 rineulis
453 691 584 788 placita
609 691 772 769 diversae
800 692 950 788 originis
984 693 1080 765 inter
1104 717 1143 763 se
1173 694 1374 766 coniuncta

176 812 258 883 sint.
308 811 411 881 Hanc
435 808 841 904 itaquequaestionem
870 808 909 879 in
935 808 1060 879 medio
1079 808 1226 902 reliqui.

174 989 176 994 .
276 927 329 995 lle
353 938 468 997 aetate
487 921 773 1018 Bbagavadgitae
792 922 884 998 nibil
906 924 993 994 certi
1008 947 1116 1018 posse
1131 921 1296 1014 deliniri,
1319 923 1375 993 rix

177 1066 269 1137 opus
293 1054 424 1132 est,‹·ut
450 1038 668 1115 admoneam
697 1062 773 1129 eos,
801 1040 864 1133 qui
890 1039 1119 1134 antiquitatis
1133 1037 1283 1108 ludicae
1307 1062 1374 1132 pe·

175 1158 234 1229 riti
248 1169 348 1247 sunt,
362 1155 484 1250 paullo
496 1168 635 1244 tamen,
648 1177 758 1248 qrtam
769 1166 891 1245 antea,
905 1155 1106 1227 accuratius
1119 1177 1218 1223 nunc
1229 1154 1317 1224 lieet
1328 1153 1374 1225 de

177 1297 219 1342 ea
237 1269 408 1340 iudicare.
443 1271 545 1340 Brevi
573 1268 707 1360 dicam,
733 1293 828 1363 quae
852 1293 934 1338 mea
955 1270 1000 1338 sit
1019 1269 1209 1339 sententia.
1247 1269 1373 1361 Primo

161 1398 314 1458 ¹certum
342 1397 414 1474 est,
446 1395 532 1454 ante
557 1382 739 1471 (laniatae
772 1395 917 1477 tempus
953 1407 1031 1455 non
1057 1382 1172 1458 modo
1197 1383 1372 1478 scriptam

176 1497 492 1595 Bhagavadgitam,
516 1497 583 1572 sed
609 1500 678 1569 late
702 1521 768 1592 per
793 1496 934 1574 Indiam
953 1497 1175 1593 divulgatam
1201 1499 1312 1571 luisse
1333 1513 1372 1571 et

156 1637 318 1686 ‘summa
354 1614 592 1706 auctoritato,
635 1614 749 1683 immo
785 1612 974 1683 sanctitate
1016 1614 1189 1707 valuisse,
1236 1613 1370 1689 eodem

174 1729 275 1801 enim
285 1755 294 1770 ·‘
306 1728 505 1799 sanctitatis
536 1729 618 1799 loco
652 1740 764 1822 atque
799 1739 970 1800 tractatus
1002 1727 1232 1823 theologicos
1264 1729 1372 1803 Vedio

175 1844 350 1935 adiectos,
377 1844 441 1939 qui
462 1841 684 1940 Upanislrnd
710 1842 873 1937 inseripti
900 1855 992 1930 sunt,
1020 1867 1100 1913 eam
1121 1843 1285 1915 habuere
1313 1870 1373 1916 rc-

176 1960 346 2029 tustiores
370 1971 488 2027 sectae
517 1957 763 2034 Vislrnuiticae
782 1957 837 2050 *)3
864 1981 961 2052 quae
996 1983 1112 2059 quum
1145 1971 1286 2031 tantam
1314 1958 1371 2029 di·

174 2072 349 2167 gnitatem
376 2071 471 2149 libro
501 2095 627 2147 recens
652 2072 795 2168 vulgato
822 2073 1029 2144 attribuisse
1058 2073 1211 2147 minime
1238 2087 1371 2168 putau-

171 2186 246 2262 dae
266 2187 351 2277 sint,
377 2199 661 2263 consentaneum
687 2200 740 2256 est
761 2187 925 2280 eredere,
950 2187 1050 2260 baud
1072 2188 1173 2259 brevi
1191 2191 1370 2286 temporit

175 2301 364 2373 intervallo
388 2302 550 2396 priorem
573 2325 649 2370 esse
675 2303 752 2371 eius
768 2301 999 2373 conditorem
1013 2302 1187 2395 (antara,
1213 2307 1278 2399 qui
1298 2306 1371 2376 illas

175 2431 289 2488 sectas
314 2429 459 2496 strenue
483 2415 708 2512 impugnavit
730 2429 791 2508 et,
818 2430 859 2487 ut
886 2417 979 2488 mihi
1003 2417 1153 2512 quidem
1179 2420 1369 2513 probabile

174 2531 338 2624 videtur,
367 2556 410 2603 eo
435 2532 588 2610 coasilio
623 2532 854 2627 potissimum
882 2533 1167 2630 Bhagaradgitae
1199 2535 1368 2631 singulari

177 2648 443 2718 commentario
464 2647 687 2718 enarrandae
714 2673 863 2744 operam
893 2650 1047 2741 navavit,
1072 2663 1112 2720 ut
1139 2649 1368 2722 demonstra-

176 2779 255 2855 ret,
286 2765 373 2835 salso
408 2790 489 2834 eam
523 2765 802 2835 aVishnuitiois
837 2765 985 2860 intelligi
1013 2779 1123 2860 atque
1150 2765 1369 2858 doctrinam,

176 2904 271 2972 quae
298 2880 334 2948 in
363 2903 404 2948 ea
429 2878 699 2973 promulgatur,
725 2903 810 2948 suae
841 2879 953 2973 ipsius
986 2903 1061 2950 esse
1093 2894 1368 2975 congruentem.

176 2995 270 3064 llaec
296 3007 415 3065 autern
444 2993 572 3092 opinio
596 2991 798 3063 admodum
824 3019 868 3062 eo
892 2994 1142 3087 confirmatur,
1171 2995 1366 3091 quodiam

174 3120 258 3177 ante
284 3106 483 3192 Caularem
510 3105 628 3176 editos
654 3121 691 3176 et
715 3121 935 3203 propagatos
961 3109 1069 3180 suisne
1096 3111 1134 3180 in
1158 3111 1369 3207 Bhagavad-

173 3220 282 3316 gitam
311 3220 607 3310 commentarios,
633 3246 726 3316 quos
753 3222 781 3290 is
808 3222 962 3292 refutare
991 3249 1174 3319 aggressus
1199 3227 1265 3317 sit,
1292 3252 1367 3297 non

173 3337 329 3407 obscure
361 3348 513 3406 testatur
537 3335 841 3409 Madlruslrdanas.
863 3339 911 3422 **)
968 3339 1147 3428 Caularas
1180 3366 1297 3436 quum
1324 3341 1370 3414 ad

274 3560 305 3644 *)
331 3561 408 3632 Vid.
436 3564 611 3633 Wusours
643 3559 775 3630 dissert.
807 3559 854 3626 de
884 3567 986 3629 sectis
1018 3562 1173 3637 Indicis,
1199 3561 1261 3630 As.
1290 3563 1368 3644 Res.

176 3677 276 3756 XVI,
303 3703 337 3768 p.
369 3682 422 3747 12.
487 3678 555 3745 tae
594 3696 703 3747 sectae
739 3697 829 3757 sunt,
866 3704 951 3771 quae
991 3681 1126 3749 nomine
1162 3679 1303 3746 Baetra
1341 3698 1373 3744 et

171 3791 380 3884 Blndgavata
404 3809 532 3882 gerunt

272 3904 590 3991 **)seh01.ad1v
606 3907 663 3975 ns
690 3904 746 3998 (6
769 3854 1015 4002 πέψω
1033 3897 1210 3999 amata
1233 3858 1369 4089 πω

172 4022 214 4090 aa
237 3905 362 4101 xviri,
388 4021 445 4091 66
470 4019 526 4114 aa
548 4005 824 4114 πωπω
841 4013 986 4123 gaarma
1009 4023 1245 4175 &matt-1²²³
1266 4019 1374 4114 (6)

170 4125 669 4219 πωπω-6666366666
732 4156 742 4165 ·
