2842 4636
500 208 732 280 CHRlS'l'lANl
764 217 940 281 Lussmu.
1250 223 1319 282 lllll

230 402 394 506 Quintus
428 404 715 501 Rhagaradgitae
757 405 873 475 codex
918 407 1068 500 praebet
1104 431 1187 477 cum
1221 421 1320 479 textu

126 522 434 593 commentarium
471 523 755 613 Murmecion,
791 521 838 591 de
880 547 955 617 quo
992 546 1078 592 mox
1112 524 1321 617 explicatius
1391 548 1397 564 ·

122 637 265 730 dicam3
293 652 426 710 sextus
453 637 576 727 alium,
602 638 659 705 cui
688 635 795 706 index
823 649 893 706 est:
920 633 1321 734 Suruugitdrtda-Suu-

124 755 264 851 gradu,
291 753 314 822 i.
332 777 361 823 e.
390 751 671 846 comprehensio
698 753 808 822 totius
827 751 929 822 Gitae
946 753 1163 847 argumenti,
1183 755 1318 824 omisso

123 870 278 940 nomine
304 868 503 963 scriptume,
527 865 630 961 quod
649 868 686 937 in
711 868 873 963 catalogo
892 867 1071 936 librorum
1090 864 1318 937 Couroaooxu

120 985 225 1053 hisce
251 983 370 1052 verbis
396 980 641 1078 significatum
663 984 825 1076 repperi:
860 975 1003 1052 tllmffiw
1026 975 1215 1079 *rismum
1246 983 1319 1051 sire

124 1098 309 1168 enarratio
338 1096 441 1167 Gitae
468 1121 488 1166 a
516 1097 714 1165 llnac'rmrne
740 1096 842 1166 lacta.
886 1098 1026 1192 Scripta
1054 1120 1095 1166 ea
1122 1109 1175 1165 est
1199 1095 1321 1191 lingua

123 1212 284 1308 quadam
320 1213 454 1308 vulgari
495 1212 690 1282 recentiori
724 1211 961 1282 Sanscriticae
995 1213 1167 1307 originis,
1207 1235 1317 1306 quam

125 1328 327 1398 accuratius
353 1325 507 1397 definire
534 1352 577 1396 eo
605 1340 772 1420 tempore
800 1327 960 1421 nequivi.

222 1440 405 1539 Septimus
438 1440 553 1511 codex
589 1453 690 1510 tenet
721 1442 926 1510 versionem
961 1441 1246 1538 Bhagavadgitae
1281 1442 1318 1512 in
1409 1425 1417 1438 ⁹

123 1558 230 1627 aliam
258 1557 413 1626 similem
447 1555 643 1626 dialectum
677 1557 939 1648 recentiorem,
966 1581 1006 1626 ea
1041 1557 1183 1626 ratione
1214 1581 1318 1626 com-

108 1686 298 1767 paratam,
321 1683 362 1740 ut
387 1671 520 1766 cuique
547 1670 704 1741 disticho
721 1670 938 1740 Sanscritico
966 1671 1107 1741 adiecta
1133 1671 1179 1739 sit
1204 1672 1318 1740 inter-

120 1786 291 1881 pretatio.
344 1787 372 1855 Α
399 1810 471 1881 qua
497 1809 536 1855 re
564 1784 741 1881 originem
766 1787 873 1854 traxit
899 1787 1024 1855 titulus
1050 1787 1127 1855 eius
1153 1784 1316 1854 Sanscri-

117 1902 212 1971 ticus
253 1898 460 1993 Samucldlu‘
481 1901 510 1985 *l
554 1901 578 1969 i.
621 1926 652 1969 e.
695 1901 877 1971 enarratio
911 1899 1197 1996 Rhagavadgitae
1237 1900 1314 1993 pari

123 2014 367 2086 distichorum
415 2040 568 2085 numero
621 2016 903 2111 circumscripta.
972 2016 1114 2088 Nomen
1159 2014 1316 2084 auctoris

118 2131 426 2214 Parrus-Santrnl
454 2144 516 2201 est.

220 2241 345 2315 Codex
370 2243 497 2317 Musei
519 2244 732 2317 Britannici
754 2259 870 2316 totam
899 2247 1129 2316 Bharateam
1148 2245 1313 2336 comple-

116 2552 1307 2658 wmummffimmwuadmlruwmm

115 2701 225 2773 empti
266 2682 325 2774 qui
350 2679 463 2746 titulus
491 2681 524 2744 in
558 2678 708 2746 errorem
735 2678 901 2743 inducere
935 2699 1066 2770 posset,
1099 2682 1192 2770 quasi
1221 2698 1309 2744 esset

117 2795 374 2863 commentarius
413 2796 451 2884 in
492 2819 647 2886 maguum
690 2801 728 2859 et'
758 2795 965 2860 notissimum
1005 2793 1175 2882 Qanlrarae
1211 2817 1305 2884 opus.

114 2904 250 2975 Nomen
290 2910 433 2973 auctoris
467 2927 499 2972 ct
536 2926 768 2999 argumentum
804 2907 883 2972 libri
923 2907 1038 2973 docuit
1069 2908 1305 2977 Cornorooxu

114 3042 191 3089 nota
216 3023 318 3088 haec:
344 3018 584 3087 Auitotatious
610 3046 656 3086 on
679 3020 842 3089 Sanlsara
858 3023 1050 3111 Achuiyas
1074 3040 1243 3087 comment
1259 3046 1303 3085 on

98 3130 281 3201 *tlzeGitci
303 3135 348 3225 by
372 3135 528 3201 Attouda
563 3135 655 3203 Giri.
715 3135 861 3202 Alterius
888 3138 1048 3205 codicis
1040 3137 1214 3227 inscriptio
1240 3137 1304 3200 ini-

114 3248 158 3314 tio
185 3247 293 3314 audit.
325 3239 814 3342 ηπεῇπηίεῃπωῆπῆῇπι
805 3275 841 3314 m
866 3252 952 3318 fine:
984 3253 1039 3348 effi
1062 3244 1302 3342 ’.ἦπὶπῇῆ-

112 3353 1119 3461 ffisfltffi'sffittmtffiffitlffltlfflfflffiwwfiweth
1111 3393 1145 3432 tn
1164 3370 1229 3434 fine
1248 3395 1302 3433 ca

112 3478 239 3568 paam
273 3476 329 3572 pe
352 3469 737 3572 Wffiffitffirffl
759 3473 964 3573 mult
993 3473 1305 3551 uaemauaeu

114 3609 176 3658 etc.
229 3593 356 3656 Textus
385 3591 631 3659 desider-'atur
623 3618 656 3658 ιι]
684 3595 789 3684 priori
818 3595 985 3686 exemplo

210 3723 316 3808 *)lta
355 3730 536 3820 inscriptus
572 3749 622 3795 est
656 3731 690 3794 in
726 3730 792 3795 fine
823 3730 926 3798 liber:
962 3733 1018 3828 {iti
1049 3726 1301 3806 stemmatum

111 3829 253 3909 aaa&
276 3831 487 3929 ewistun
505 3845 696 3908 .Nomen
713 3847 867 3910 auctoris
894 3872 934 3911 ex
955 3848 1047 3915 hisce
1073 3854 1185 3916 verbis
1210 3855 1298 3916 erui:
1322 3855 1326 3859 ’

111 3953 163 4045 aa
199 3943 275 4019 ee
307 3860 487 4023 meam
486 3840 752 4048 aemma
782 3952 1024 4054 men,
1061 3965 1298 4057 turgentum

113 4087 160 4134 est
175 4061 399 4160 &ww-istd.
437 4069 711 4138 Parnassi-atti
732 4100 834 4164 quum
853 4077 1040 4168 significare
1058 4079 1163 4168 possit
1178 4079 1297 4143 Krish-

112 4204 195 4263 nam,
221 4183 361 4252 fortasse
385 4184 435 4252 nil
459 4202 525 4262 est,
551 4185 615 4250 nisi
642 4188 893 4256 circumlocutio
921 4191 1016 4268 huius
1043 4193 1197 4258 nominis.
