2842 4636
147 182 171 243 L
631 181 858 244 ettaanTto

148 373 298 443 uroximi
325 373 441 442 estin
469 397 506 440 re
530 371 653 440 critica
681 373 870 440 momenti.
924 371 1037 439 llletro
1064 369 1188 438 vitiato
1214 392 1342 462 snspe-

149 501 205 557 cta
232 486 273 556 lit
299 487 428 580 lectio,
462 484 525 554 sed
554 499 708 556 metrum
736 483 938 554 claudicare
968 511 1041 553 non
1068 497 1145 553 tuto
1172 509 1342 578 pronun-

149 604 238 671 tiare
275 626 486 696 possumus,
526 601 593 670 nisi
626 601 720 695 leges
756 602 922 670 metricas
960 601 1104 694 penitus
1140 599 1344 693 exploratas

148 716 359 786 habeamus.

246 830 287 898 ln
319 830 620 925 interpretatione
654 854 734 899 mea
762 828 1089 924 Bhagavad-GItae
1119 828 1342 898 elaboranda

149 947 486 1041 interpretationem
519 945 701 1039 Anglieam
730 949 768 1016 V.
794 943 843 1012 Cl.
873 943 992 1014 Canem
1021 944 1064 1011 W
1070 968 1177 1012 iturus
1206 968 1338 1035 magno

147 1063 237 1131 mihi
262 1061 474 1131 adiumento
503 1060 621 1152 luisse,
652 1086 726 1129 non
754 1060 867 1130 modo
898 1087 970 1130 non
998 1057 1171 1151 diffiteor,
1192 1057 1257 1128 sed
1285 1060 1341 1128 ul-

147 1191 204 1246 tro
236 1190 414 1271 gratoque
449 1176 574 1243 auimo
616 1175 650 1245 id
692 1200 860 1268 agnosco.
924 1176 1109 1245 Nonnullis
1144 1187 1265 1244 tamen
1305 1175 1341 1243 iu

146 1291 235 1362 loeis
262 1292 306 1361 ab
335 1291 571 1360 antecessoris
598 1291 669 1358 mei
695 1290 852 1384 vestigiis
878 1288 1149 1359 abscedendum
1179 1313 1255 1358 esse
1283 1314 1341 1358 ar-

146 1407 299 1475 bitratus
337 1430 433 1474 sum:
474 1405 575 1499 quod
608 1419 728 1475 utrum
768 1419 864 1475 recte
903 1405 1047 1474 fecerim
1084 1429 1225 1496 necue,
1264 1405 1341 1499 ipse

147 1521 412 1592 eruditissimus
446 1522 624 1615 interpres
651 1521 802 1616 Anglus,
828 1521 878 1612 si,
906 1544 1000 1614 quae
1032 1533 1087 1589 tot
1114 1534 1197 1589 ante
1225 1545 1341 1590 annos

146 1639 309 1733 scripsit,
346 1637 499 1707 revisere
536 1638 710 1727 voluerit,
746 1638 931 1731 ceterique
970 1636 1099 1704 harum
1137 1636 1338 1705 litterarum

146 1754 271 1825 arbitri
299 1752 524 1822 indicabunt.
579 1752 774 1844 Praecipua
802 1764 922 1819 autem
951 1750 1041 1818 mihi
1076 1775 1160 1819 eura
1188 1750 1273 1840 luit,
1301 1764 1341 1820 nt

144 1885 222 1941 tum
257 1869 408 1959 Latine,
442 1882 519 1936 tum
558 1867 746 1960 perspicue
782 1867 998 1956 scriberem,
1034 1865 1339 1960 qnandoquidem

148 1985 239 2055 nihil
272 1984 425 2053 eflicitur
459 1981 777 2075 interpretatione,
811 2005 921 2074 quam
958 2007 1022 2075 per
1054 2006 1092 2051 se
1126 1984 1210 2051 satis
1247 1984 1342 2052 bene

147 2099 346 2194 intelligere
372 2121 550 2190 nequeas,
579 2096 643 2164 nisi
685 2122 766 2164 eum
805 2096 923 2190 ipsum
957 2098 1111 2189 librum,
1146 2098 1244 2167 utrde
1280 2124 1342 2167 ex-

147 2237 269 2308 pressa
294 2213 357 2303 sit,
383 2211 637 2279 commentarii
667 2212 742 2280 viee
769 2213 922 2282 evolvas.
976 2211 1088 2300 Quod
1111 2214 1139 2282 si
1168 2214 1250 2306 quis
1271 2240 1342 2282 no-

146 2353 231 2397 rum
260 2341 296 2396 et
324 2326 526 2395 inauditum
555 2326 730 2420 loquendi
763 2352 905 2395 morem
935 2327 1100 2420 invehat,
1128 2328 1239 2421 dum,
1274 2330 1342 2399 ad-

146 2456 310 2512 versante
327 2443 403 2511 eius
429 2442 585 2535 linguae,
611 2467 684 2536 qua
705 2443 829 2534 utitur,
855 2444 976 2536 genio,
1005 2446 1155 2512 verbum
1184 2470 1203 2514 e
1228 2447 1341 2515 verbo

146 2557 301 2628 reddere
333 2572 503 2628 conatur:
542 2558 743 2627 necessario
781 2560 919 2649 evenit,
947 2572 986 2627 ut
1016 2560 1221 2629 locutiones
1259 2586 1341 2631 rer-

146 2676 356 2768 bornmque
383 2675 646 2763 conclusiones,
675 2698 768 2767 quae
797 2674 938 2767 linguae
966 2675 1072 2769 longe
1093 2675 1256 2746 diversae
1284 2680 1343 2746 in-

148 2791 241 2860 dolis
267 2791 437 2884 propriae
464 2803 548 2858 sunt
573 2815 615 2859 ao
641 2789 882 2879 domesticae,
910 2789 1069 2884 ideoque
1096 2791 1225 2862 leniter
1252 2820 1343 2888 pro-

148 2908 286 2996 lluunt,
319 2920 551 2998 praepostera
587 2906 790 2973 imitatione
824 2905 983 2996 ellietae,
1020 2908 1216 2978 lectoribus
1252 2935 1345 2979 eon-

147 3034 265 3089 tortae
293 3019 482 3088 rideantur
509 3033 618 3112 atque
646 3021 928 3113 inexplicabiles.

250 3133 416 3204 Ceterum
445 3136 600 3227 linguam
627 3135 787 3204 Latinam
822 3136 926 3206 valde
961 3136 1130 3207 idoneam
1159 3140 1343 3234 existimo,

148 3251 187 3320 in
215 3276 325 3344 quam
354 3249 437 3318 libri
469 3249 638 3318 Sanseriti
671 3264 936 3321 convertantur.
990 3253 1068 3322 Non
1103 3267 1270 3345 gravatur
1301 3281 1344 3326 ea

148 3364 297 3436 sarcinis
323 3364 397 3433 istis
421 3364 691 3458 particularum,
717 3366 966 3458 articulorum,
992 3382 1068 3437 tum
1096 3367 1237 3438 definiti
1263 3384 1343 3439 tum

148 3478 352 3571 indefiniti,
385 3479 649 3573 pronominum
682 3482 952 3574 personalium,
980 3485 1252 3579 verborumque
1285 3484 1346 3554 di-

149 3594 240 3662 versi
267 3595 409 3687 generis
433 3595 672 3685 auxiliarium,
696 3620 786 3688 quas
807 3597 1004 3691 pleraeque
1027 3599 1249 3694 populorum
1268 3601 1344 3670 Eu-

150 3731 262 3801 ropae
289 3709 534 3776 recentiorum
561 3710 704 3804 liuguae
727 3734 847 3779 secum
869 3712 1013 3781 trahere
1035 3727 1225 3807 eoguntur,
1252 3741 1345 3810 pro-

148 3834 231 3916 pter
268 3822 566 3891 terminatiomun
610 3827 795 3920 inopiam,
831 3829 964 3922 quibus
997 3853 1148 3922 genera,
1186 3831 1344 3914 numeri,

149 3961 250 4006 casus
272 3936 477 4025 nominum,
507 3962 696 4030 personae,
721 3954 900 4035 tempora,
925 3943 1026 4012 modi
1047 3946 1242 4013 verborum
1259 3961 1346 4041 apte

149 4064 185 4119 et
211 4077 292 4122 cum
321 4077 453 4120 sonora
481 4052 638 4145 quadam
663 4058 834 4125 suavitate
860 4056 1167 4129 discriminantur.
1201 4058 1346 4129 ideireo

149 4188 268 4234 sermo
296 4167 440 4235 Latinus
470 4181 546 4236 tum
579 4170 770 4240 verborum
800 4185 1014 4264 structuras,
1041 4174 1166 4268 quales
1197 4185 1283 4240 sunt
1312 4175 1352 4242 in
