2842 4636
580 197 826 260 scttttthttt.
1239 196 1304 258 XL!

112 403 345 460 enotaveram
374 385 551 482 quidem,
584 384 649 455 sed
681 399 722 456 ut
754 383 900 453 chartae
931 395 968 452 et
1000 384 1146 454 lectoris
1180 384 1304 455 taedio

111 528 300 600 parcerem
309 503 489 595 ,silentio
524 501 762 597 praetermisi.
817 501 869 568 De
891 499 1041 593 paucis,
1067 525 1162 596 quae
1189 502 1307 573 variae

111 621 289 692 lectionis
308 620 458 690 nomine
483 642 566 687 vere
589 616 699 712 digna
719 615 905 706 suntuna,
930 616 967 702 in
985 613 1307 692 Adnotationibus

111 738 256 806 criticis
281 733 480 828 disputavi3
508 733 557 801 ita
589 745 731 821 tamen,
764 745 805 800 ut
836 731 928 800 nihil
956 752 1105 821 corum,
1138 734 1203 802 etsi
1238 758 1307 827 po-

108 851 206 920 tiora·
231 849 451 938 arbitrabar,
478 848 516 916 in
541 861 680 917 textum
715 847 885 916 inferrem
894 883 907 937 ,ι
938 844 1144 917 dummodo
1172 850 1307 920 talera-

110 966 195 1035 bilis
221 978 314 1033 esset
333 965 441 1034 lectio
470 961 714 1033 Calcuttensis.
1064 964 1067 969 ’

212 1078 366 1150 Codices
379 1080 547 1150 Parisiaci
576 1093 734 1175 quatuor
755 1095 840 1151 stant
861 1104 1029 1174 numero,
1054 1106 1182 1153 omnes
1199 1083 1306 1153 char-

110 1197 203 1266 tacei
232 1209 268 1265 et
296 1197 477 1291 eleganter
508 1197 635 1265 litteris
663 1196 936 1292 Deranagaricis
961 1199 1113 1290 exarati,
1136 1222 1306 1294 ÷qnurnm

111 1336 211 1381 nunc
237 1312 323 1408 sigla
341 1312 549 1408 accuratius
575 1324 658 1380 sunt
681 1311 918 1405 exponenda,
943 1325 984 1383 ut
1009 1314 1141 1406 lector,
1169 1315 1307 1384 Biblio-

110 1427 257 1496 thecam
299 1427 465 1496 Franciae
499 1427 602 1520 Regis
637 1424 824 1517 aditum,
857 1426 975 1496 haud·
997 1427 1208 1499 dubitanter
1243 1455 1306 1500 eos

111 1566 193 1611 cum
224 1542 401 1636 excerptis
424 1542 514 1610 meis
539 1541 854 1634 conserrepossit.

158 1655 211 1728 A.
258 1657 296 1726 in
324 1654 494 1752 Catalogo
516 1656 786 1726 Hamiltoniann
806 1655 921 1725 codd.
940 1658 1019 1726 lllss.
1039 1658 1303 1728 Sanscritnrum

262 1773 352 1841 Bibl.
381 1774 464 1867 Reg.
492 1774 602 1841 Paris.
631 1773 751 1840 locum
779 1785 916 1842 sextum
944 1773 1037 1841 inter
1065 1773 1306 1867 'Devanagari-

153 1901 156 1906 '
262 1911 325 1956 cos
354 1900 535 1982 occupat,
575 1888 770 1981 inscriptus
805 1887 957 1957 'chartae
994 1887 1233 1982 octuplicatae
1268 1887 1306 1956 in

259 2015 501 2072 transversum
534 2003 686 2096 positae.
746 2002 900 2071 Exhibet
932 2014 1068 2071 textum
1098 2001 1306 2097 Bhagarad·

262 2115 365 2187 Gitae
392 2142 474 2189 cum
500 2117 906 2207 cristam-suminis
930 2119 1219 2209 commentario,
1248 2117 1305 2187 cui

260 2234 384 2303 titulus
410 2248 463 2303 est
485 2233 699 2306 Subridltinz‘.

193 2405 201 2418 .
264 2349 298 2417 in
336 2346 505 2445 Catalogo
544 2351 815 2421 Hamiltuniano
861 2373 1014 2420 numero
1053 2351 1111 2419 Vll
1149 2350 1304 2440 notatus,

262 2464 415 2558 scriptus
439 2478 492 2534 est
518 2466 634 2535 forma
663 2467 832 2557 minima,
859 2468 908 2535 ita
933 2480 974 2536 ut
999 2467 1147 2562 quaevis
1172 2467 1302 2560 pagina

261 2605 336 2649 non
364 2582 455 2650 ultra
483 2584 649 2677 quinque
676 2582 788 2650 lineas
814 2581 952 2674 capiat,
979 2595 1127 2649 ornatus
1155 2581 1303 2674 picturis

262 2694 480 2789 quibusdam
508 2697 678 2766 miniatis.
732 2696 970 2790 Amplectitur
1001 2699 1163 2795 quinque
1189 2694 1303 2766 Ganr-

261 2835 351 2903 nuu,
377 2813 400 2880 i.
428 2837 459 2881 e.
488 2814 652 2907 quinque
684 2810 894 2905 episodia'e
920 2807 1216 2900 Multdblulram,
1243 2811 1301 2877 in-

261 2927 352 3022 signi
380 2928 523 3021 pietatis
542 2927 636 2997 lama
656 2928 848 3018 celebrata,
872 2927 966 2995 inter
983 2949 1077 3020 quae
1094 2924 1303 3019 llhagavad-

261 3041 341 3112 Gna
367 3043 571 3138 principem
600 3044 719 3112 locum
749 3044 901 3112 obtinet.

193 3215 201 3230 .
259 3156 386 3227 itidem
414 3157 529 3226 forma
557 3159 728 3249 minima,
754 3158 987 3253 praecedenti
1011 3173 1063 3229 est
1086 3156 1301 3249 simillimae,

260 3274 362 3343 facile
393 3287 516 3342 tamen
546 3298 590 3342 ea
627 3273 764 3342 indicio
800 3273 1050 3368 distinguitur,
1077 3273 1179 3368 quod
1208 3274 1302 3342 Bha-

258 3386 511 3483 gavad-Gltae
536 3401 674 3457 textum
701 3389 818 3457 solum
846 3389 1030 3478 coritium,
1056 3412 1125 3456 nec
1152 3386 1302 3480 picturis

261 3516 408 3573 ornatus
434 3516 497 3573 est.
546 3507 588 3575 ln
617 3516 683 3573 cat.
705 3504 848 3572 llamilt.
878 3504 938 3571 no.
955 3502 1042 3572 Vlll.
1068 3516 1210 3572 notatus
1235 3516 1301 3573 est.

203 3667 210 3683 .
265 3643 338 3688 non
363 3631 571 3689 recensetur
593 3619 630 3687 in
657 3616 732 3687 Cat.
761 3617 974 3709 Hamilmn,
1009 3642 1125 3712 nuper
1150 3617 1297 3688 demum

262 3745 379 3802 emtus
405 3758 487 3803 cum
515 3734 765 3828 compluribus
791 3732 872 3802 aliis
885 3728 1012 3802 codd.
1040 3731 1165 3802 MSctis
1191 3733 1299 3802 Sans-

259 3848 357 3917 critis
384 3873 427 3916 ex
453 3849 555 3918 libris
582 3850 647 3918 viri
675 3848 721 3918 de
747 3849 879 3917 litteris·
899 3845 1044 3937 ludius,
1072 3870 1161 3940 quas
1184 3847 1215 3914 ei
1240 3859 1299 3915 ut-

257 3975 343 4055 pote
367 3963 509 4033 homini
535 3966 678 4035 militari
708 3969 781 4034 no'u
803 3964 869 4032 nisi
893 3986 961 4056 per
983 3962 1197 4055 interpretes
1220 3960 1299 4029 edi-

263 4099 363 4146 scere
394 4094 602 4171 racaverat,
639 4081 778 4177 liberali
815 4076 977 4176 *quodam
1003 4072 1132 4144 ¹studio
1154 4075 1299 4168 *optime

258 4190 399 4283 meriti,
438 4193 489 4262 Da
521 4195 679 4286 Pontaag'
699 4188 1159 4265 ‘clim‘tribuni-militum
1200 4189 1299 4283 apud
