2842 4636
147 198 200 265 tlt
629 197 859 264 PRAEFATlO

153 391 241 461 dum
266 403 320 460 est
342 386 389 459 ad
416 385 570 481 Graeca,
597 387 781 460 interdum
806 389 1036 461 Latinitatem
1059 404 1204 486 patrum
1228 389 1347 464 eccle-

103 592 105 597 ,
149 507 223 576 siae
251 506 288 574 in
322 503 491 575 auxilium
521 504 748 574 vocabimus.
808 505 868 575 Est
896 531 983 577 sane
1013 506 1251 578 incommoda
1274 506 1346 577 du-

152 621 235 716 plex
263 619 353 715 haec
379 619 521 712 liuguae
540 617 693 694 ,Latinae
720 618 864 713 inopia,
888 621 954 692 sed
980 636 1238 716 compensatur
1262 623 1348 693 reli-

153 737 258 833 quis,
284 757 374 829 quas
398 757 507 827 supra
534 734 704 828 exposui,
732 735 934 806 virtutibus.

254 847 367 920 Video
395 849 612 939 nonnullos,
645 873 727 919 eum
755 849 792 918 in
830 848 1262 944 notionesphilosophis
1288 850 1348 919 ln-

154 966 245 1036 dicis
272 965 473 1059 peculiares
499 962 691 1055 incidunt,
727 988 746 1033 a
774 989 881 1035 sensu
906 978 1032 1035 nostro
1056 962 1150 1033 adeo
1177 977 1349 1057 remotas,

155 1094 195 1150 ut
231 1081 286 1149 vix
325 1079 437 1148 ullum
474 1078 690 1148 vocabulum
730 1081 836 1149 nobis
865 1081 1034 1151 usitatum
1074 1079 1118 1148 iis
1150 1080 1257 1174 plane
1291 1103 1351 1149 re-

153 1193 345 1290 spondeat,
374 1194 490 1287 ipsum
519 1194 736 1263 vocabulum
763 1195 986 1266 Sanscritum
1011 1196 1047 1264 in
1075 1194 1350 1288 interpretatio-

154 1333 239 1377 nem
264 1332 364 1376 suam
394 1308 525 1376 inferre
552 1308 680 1379 solere.
743 1309 874 1405 Atqui,
903 1336 945 1380 ex
979 1333 1059 1379 mea
1087 1308 1238 1402 quidem
1265 1332 1350 1378 sen·

152 1424 285 1514 tentia,
319 1422 393 1492 hoc
426 1448 500 1493 non
536 1436 589 1493 est
622 1448 641 1492 e
675 1427 869 1520 peregrino
903 1449 1074 1497 sermone
1108 1424 1146 1492 iu
1183 1437 1349 1494 nostrum

155 1551 386 1630 convertere,
409 1536 473 1608 sed
497 1538 588 1608 nihil
615 1536 714 1608 aliud
741 1565 850 1633 quam
878 1542 988 1609 verba
1014 1539 1195 1610 Sanscrita
1221 1539 1350 1610 litteris

154 1652 289 1722 Latinis
320 1654 489 1723 scribere.
550 1654 642 1748 Ergo
680 1668 831 1724 conatus
866 1679 945 1725 sum
982 1655 1107 1724 omnia
1141 1653 1266 1723 Latina
1297 1653 1351 1723 fa-

154 1793 261 1860 cere,
288 1782 323 1837 et
350 1769 545 1838 notionum
573 1793 725 1862 quoque
747 1768 1086 1863 philosophicarum
1120 1792 1242 1838 veram
1275 1767 1350 1837 vim

155 1897 191 1952 ct
217 1882 378 1953 indolem
407 1887 631 1978 exprimere,
666 1896 846 1978 quatenus
880 1882 919 1952 id
951 1884 1030 1953 sine
1063 1884 1181 1977 longis
1217 1885 1351 1954 verbo-

153 2021 233 2067 rum
261 1998 474 2091 ambagibus
500 1997 578 2067 fieri
605 2011 737 2093 posset.
790 1997 862 2068 Sed
890 1999 927 2068 in
954 1996 1265 2069 reconditioribus
1292 2023 1352 2068 me

157 2137 302 2208 semper
337 2127 468 2206 poetae
503 2126 664 2183 mentem
697 2127 794 2184 recte
827 2112 1023 2204 divinasse,
1057 2110 1238 2186 affirmare
1272 2139 1352 2185 non

156 2220 280 2298 ausim.

259 2343 444 2439 Omnino,
476 2343 609 2414 diserte
638 2344 712 2414 hoc
746 2344 919 2437 declaro,
959 2370 1005 2415 ne
1039 2344 1253 2438 cuiusquam
1290 2367 1352 2412 ex-

157 2457 422 2551 spectationem
449 2457 584 2529 fallam:
614 2461 650 2528 iu
679 2461 742 2550 iis,
769 2484 864 2553 quae
889 2460 1079 2552 hucusque
1106 2457 1254 2553 perfeci,
1280 2458 1355 2527 cri-

158 2572 265 2641 ticam
294 2587 329 2642 ct
362 2577 633 2669 grammaticam
661 2574 988 2669 llhagavad-Gitae
1015 2565 1192 2644 rationem
1218 2572 1271 2642 sic
1296 2595 1356 2642 sa-

158 2686 205 2755 tis
234 2687 435 2782 expediisse
453 2691 542 2759 mihi
568 2688 714 2782 videor,
743 2689 1038 2783 philosophicam
1058 2686 1221 2757 nondum
1240 2687 1354 2782 attigi.

58 2834 60 2839 ·
160 2805 307 2873 Altioris
343 2829 383 2873 ea
417 2818 470 2873 est
506 2803 704 2898 indaginis,
736 2827 846 2898 quam
883 2813 977 2896 quae
1016 2802 1053 2870 in
1088 2800 1280 2895 procinctu
1321 2812 1357 2868 et

162 2945 274 3014 opera
302 2920 534 2988 tumultuaria
560 2918 654 2987 tradi
682 2919 805 3012 possit.
859 2915 1078 3011 Explicanda
1105 2928 1157 2983 est
1189 2914 1357 2983 universa

161 3048 292 3128 poetae
319 3033 365 3102 de
394 3035 499 3102 rebus
525 3033 658 3102 divinis
686 3033 929 3126 humanisque
956 3031 1143 3121 doctrina,
1171 3029 1357 3122 explican-

162 3149 231 3218 dus
256 3172 369 3245 porro
403 3171 514 3215 nexus
548 3147 769 3240 singularum
800 3148 1062 3216 sententiarum
1097 3167 1179 3212 cum
1213 3143 1358 3237 primis,

161 3288 256 3359 (pirae
280 3263 397 3357 ponit,
421 3261 679 3355 philosophiae
696 3285 780 3330 suae
799 3260 1062 3352 fundamentis,
1091 3260 1127 3328 in
1148 3282 1222 3352 qua
1243 3280 1359 3352 opera

162 3379 348 3448 neminem
378 3376 527 3446 feliciter
553 3386 775 3445 versaturum
804 3401 879 3445 esse
907 3391 1020 3471 puto,
1056 3376 1123 3445 nisi
1151 3374 1252 3468 prius
1278 3398 1360 3443 me-

164 3495 272 3563 liores
297 3491 344 3561 de
378 3493 451 3562 hoe
478 3491 639 3561 carmine
665 3490 819 3585 scriptos
847 3491 1152 3582 commentarios,
1181 3488 1245 3584 qui
1272 3489 1360 3583 plu-

164 3608 247 3678 rimi
283 3621 441 3696 exstant,
480 3619 645 3677 accurate
680 3606 886 3700 inspexerit.
938 3607 1026 3675 lllihi
1054 3630 1095 3674 ex
1121 3630 1223 3697 uno,
1249 3629 1361 3700 supra

162 3733 395 3812 memorato,
418 3733 558 3814 partem
589 3721 749 3815 aliquam
777 3719 950 3791 duntaxat
980 3720 1186 3790 describere
1212 3720 1362 3791 Parisiis

95 3874 98 3879 ·
162 3838 320 3909 vacavit:
347 3834 442 3904 unde
469 3848 590 3903 tamen
626 3833 723 3904 haud
754 3835 979 3906 mediocrem
1008 3836 1161 3905 fructum
1196 3835 1361 3929 percepi.

163 3953 289 4023 lnsunt
312 3964 496 4046 praeterea
517 3951 668 4018 carmini
696 3964 821 4020 nostro
843 3952 1087 4047 mythologice
1115 3950 1240 4041 multa,
1263 3972 1364 4042 quae

166 4070 393 4163 expositione
447 4065 622 4160 indigent.
692 4065 953 4161 Disputandum
998 4068 1065 4136 erit
1103 4065 1265 4159 denique
1313 4062 1364 4133 de

168 4197 299 4277 poetae
325 4196 462 4265 aetate,
489 4205 601 4275 quem
631 4181 794 4250 nonnulli
821 4180 866 4252 ad
898 4183 1102 4252 recentiora
1129 4179 1269 4263 saecula
1295 4177 1367 4249 de-
