2842 4636
407 787 970 893 ¹nncrunrs

602 1002 638 1073 S.
679 1003 718 1072 P.
757 1003 799 1072 l).

378 1211 760 1278 euursrrnuus
803 1211 1029 1295 tasson.

612 1420 794 1433 m

207 1592 413 1682 Quomodo
441 1594 572 1663 lactum
600 1593 657 1684 sit,
681 1606 723 1662 ut
740 1593 930 1663 &senonen
958 1591 1071 1663 editio
1093 1590 1302 1688 Bhagavad-

110 1712 203 1805 gitae
225 1709 317 1776 hacc
335 1709 457 1798 altera,
484 1706 698 1777 iamdudum
719 1708 898 1802 promissa
917 1721 953 1777 et
967 1705 1182 1797 desiderata,
1205 1729 1302 1776 nunc

111 1822 261 1893 demum
295 1823 332 1890 in
363 1824 480 1890 lucem
512 1819 689 1916 prodeat,
714 1821 743 1890 si
771 1836 878 1891 erunt
904 1824 968 1917 qui
1003 1821 1209 1916 comperire
1238 1845 1304 1890 cu-

112 1939 238 2032 piunt,
265 1961 339 2005 rem
371 1937 493 2029 paullo
528 1936 632 2006 altius
666 1950 829 2031 repetam
866 1950 903 2006 et
932 1961 953 2006 a
988 1936 1104 2031 priori
1138 1934 1302 2006 editione

114 2053 258 2121 initium
286 2050 412 2120 faciam
441 2050 693 2143 praelationis,
720 2051 877 2121 breviori
904 2076 1032 2122 nunus
1059 2050 1105 2121 de
1130 2051 1201 2122 hac
1226 2075 1303 2121 ser-

36 2176 43 2196 *
115 2191 237 2257 mone,
261 2165 485 2259 explicatiori
514 2164 561 2235 de
588 2166 659 2257 illa,
686 2165 837 2259 eiusque
864 2164 956 2258 latis,
978 2165 1150 2236 subsidiis
1175 2191 1218 2238 ac
1243 2191 1302 2237 ra-

115 2281 287 2350 tionibus.

213 2396 317 2464 Prior
343 2393 457 2463 editio
482 2393 624 2488 vulgata
650 2409 704 2464 est
731 2420 827 2466 anno
854 2392 1145 2487 Mntccxxllt,
1167 2396 1205 2465 in
1232 2420 1305 2490 qua

119 2507 331 2580 adornanda
359 2532 452 2603 quae
487 2506 533 2577 ad
570 2533 717 2580 manum
749 2509 921 2579 habuerit
950 2509 1170 2604 Schlegelius
1200 2508 1306 2580 adiu-

117 2636 238 2693 menta
264 2625 388 2692 critica
421 2637 457 2693 ct
483 2622 586 2719 quod
614 2637 757 2693 secutus
788 2625 834 2693 sit
859 2614 1073 2714 eonsilium,
1108 2648 1186 2693 non
1213 2647 1306 2717 opus
1400 2698 1404 2703 .

119 2751 170 2806 est
193 2737 230 2806 h.
257 2738 281 2805 l.
307 2762 503 2832 exponere,
528 2738 712 2833 siquidem
738 2740 824 2808 satis
847 2739 996 2832 copiose
1023 2762 1065 2806 ea
1089 2735 1135 2806 de
1160 2761 1199 2809 re
1226 2739 1304 2830 ipse

116 2850 283 2920 disseruit
309 2852 346 2920 in
373 2853 615 2946 praefatione,
643 2877 753 2947 quam
782 2878 848 2948 ego
878 2877 975 2922 nunc
1010 2849 1213 2921 iterandam
1241 2876 1306 2920 cu-
1414 2902 1420 2951 2

118 2967 210 3058 ravi,
237 2964 276 3035 id
302 2991 388 3035 vero
412 2968 555 3036 silentio
579 2968 885 3062 praetereundum
914 2981 1075 3059 nonest,
1102 2967 1240 3036 nullum
1261 2991 1305 3035 ex

117 3080 247 3150 Indicis
272 3081 399 3150 litteris
430 3082 563 3151 librum
598 3084 678 3176 eligi
716 3084 878 3177 potuisse
905 3108 924 3152 a
951 3082 1152 3178 Schlegelio
1181 3082 1301 3177 aptio-

118 3220 205 3287 rem,
233 3220 308 3290 quo
332 3194 538 3265 commodis
560 3195 764 3266 studiorum
780 3196 991 3267 Indicorum
1021 3198 1130 3290 paulo
1158 3211 1242 3266 ante
1266 3198 1306 3266 in

118 3308 309 3379 Germania
327 3310 584 3380 inchoatorurn
609 3313 827 3403 consuleret,
852 3313 905 3382 vel
930 3310 1148 3407 digniorem,
1173 3314 1304 3406 inquo

119 3423 349 3495 emendando
382 3437 422 3494 et
451 3425 726 3518 interpretando
762 3428 898 3521 ingenii
929 3427 984 3496 sui
1021 3451 1175 3496 acumen
1203 3451 1304 3495 exer-

119 3553 233 3629 ceret,
267 3563 387 3632 quove
413 3540 578 3632 peritiam
609 3564 717 3633 quam
745 3541 814 3608 sibi
842 3554 1133 3633 comparaverat,
1160 3541 1302 3636 linguae

118 3649 260 3721 Indicae
294 3650 444 3721 eruditis
478 3655 661 3746 probaret.
723 3654 822 3722 Hanc
859 3667 1001 3746 autem,
1042 3679 1153 3749 quam
1181 3656 1303 3724 tribuo

122 3763 402 3860 Bhagavadgitae
429 3766 574 3835 laudem
608 3767 636 3835 si
670 3768 752 3861 quis
787 3768 880 3836 iusto
909 3770 1085 3838 maiorem
1115 3792 1191 3838 esse
1222 3767 1304 3861 opi-

124 3893 240 3966 netur,
269 3881 301 3948 ei
337 3879 375 3946 iu
401 3881 617 3949 memoriam
647 3906 816 3950 revocare
849 3882 954 3951 liceat
980 3882 1176 3972 iudicium,
1203 3879 1306 3974 quod

123 3990 166 4061 de
191 3994 263 4062 hoc
288 3994 383 4062 libro
410 3994 491 4061 tulit
513 3995 572 4064 Vir
594 3995 863 4088 illustrissimus,
888 3996 1169 4089 Indicarumque
1190 4018 1307 4088 aeque

123 4129 161 4176 ac
175 4110 366 4178 multarum
388 4109 536 4179 aliarum
553 4109 752 4181 litterarum
781 4112 1030 4205 peritissimus,
1056 4109 1242 4181 Guurnnus
1268 4131 1308 4178 ss
