2842 4636
536 195 788 258 sctttffintu.
912 209 919 220 ·
1159 195 1259 294 Xtttt

65 409 155 479 quas
185 383 306 454 editor
337 382 602 478 lithograpbice
636 379 890 477 exprimendas
925 382 1079 473 curavit,
1104 395 1255 476 porten-

63 512 143 569 tosa
168 497 327 595 quadam
354 497 594 567 deformitate.
645 497 853 591 Tantopere
881 497 1084 567 abhorrent
1116 498 1255 568 litterae

64 613 284 684 Frankianae
309 639 328 684 a
355 613 480 682 formis
499 614 693 705 consuetis,
717 627 792 683 tam
819 614 914 682 male
940 626 977 682 et
999 612 1149 682 confuse
1172 615 1276 685 sunt

63 725 285 820 delineatae,
312 741 353 798 ut
383 729 441 797 vel
469 729 802 798 exercitatissimum
829 730 930 798 vario
961 726 1130 797 codicum
1167 729 1256 798 cha·

64 856 203 912 ractere
224 844 411 935 lectorem,
440 843 574 914 nedum
593 847 765 939 tironem,
792 847 925 917 morari
942 847 1093 942 possint.
1132 845 1253 940 lpsum

66 953 271 1051 Gan‘ecam,
296 960 495 1030 litterarum
520 962 761 1054 inventorem,
779 964 808 1032 si
835 963 942 1032 hasce
968 962 1146 1056 inspicere
1169 985 1256 1055 pos-

64 1085 137 1163 set,
174 1098 269 1144 naso
294 1075 368 1144 isto
399 1099 465 1144 suo
504 1077 739 1168 elephantino
776 1077 960 1148 fastidiose
995 1075 1083 1146 inde
1118 1101 1256 1168 averso,

62 1197 154 1279 puto
178 1190 415 1261 clamaturum
442 1214 532 1282 esse,
559 1215 626 1260 nec
650 1191 714 1261 Dls
740 1217 808 1262 nec
834 1193 1048 1264 hominibus
1075 1189 1255 1260 eiusmodi

63 1303 200 1374 litteras
225 1305 396 1400 legendas
416 1305 552 1376 debere
577 1307 751 1401 proponi.
787 1306 868 1396 Qua
896 1308 934 1376 in
961 1331 1000 1376 re
1020 1306 1115 1375 nulla
1132 1319 1256 1375 tamen

64 1432 117 1487 est
143 1420 230 1489 artis
254 1421 542 1516 lithographicae
577 1421 698 1516 culpa:
731 1421 913 1516 siquidem
942 1422 1161 1490 dutresindus
1188 1445 1258 1489 no·-

64 1547 157 1626 ster,
178 1536 362 1630 professor
385 1537 678 1630 Vratislaviensis,
704 1537 969 1632 lithographice
996 1536 1170 1630 expressis
1187 1560 1257 1604 nu-

66 1673 152 1743 per,
186 1650 225 1719 in
264 1675 369 1720 usum
408 1651 616 1722 auditorum
651 1677 821 1743 suorum,
865 1652 1007 1744 aliquot
1041 1647 1257 1743 llitopadeci

63 1765 224 1859 paginis,
258 1766 434 1858 ostendit,
468 1766 508 1837 id
540 1769 823 1862 elegantissime,
858 1781 894 1837 et
928 1767 975 1836 ita
1012 1763 1186 1859 quidem,
1217 1776 1258 1832 ut

64 1879 143 1970 ipso
170 1879 346 1974 adspectu
373 1883 469 1952 oculi
496 1883 743 1974 oblectentur,
772 1883 849 1953 lieri
877 1905 994 1977 posse.

163 1996 239 2065 lam
267 1994 422 2066 devenio
455 1997 501 2067 ad
536 2011 696 2068 nostram
730 1997 912 2069 scribendi
947 1995 1122 2067 vocabula
1148 1995 1257 2065 Sans·

65 2111 155 2179 crita
178 2110 381 2203 rationem,
407 2135 502 2206 quae
533 2113 571 2182 in
598 2113 723 2182 omnia
750 2111 890 2182 diversa
916 2113 994 2182 abit
1021 2113 1067 2180 ab
1094 2109 1257 2180 editione

65 2222 284 2295 Calcuttensi
310 2225 637 2322 Bhagarad·Gitae,
663 2242 944 2323 ceterorumque
969 2227 1166 2318 librorum,
1192 2225 1256 2320 qui

63 2365 149 2410 cura
187 2339 477 2426 Bnbrtrctmae*)
514 2343 650 2414 ibidem
700 2343 883 2438 prodiere·
944 2344 1024 2415 Nou
1063 2356 1184 2411 tamen
1219 2341 1256 2409 in

61 2468 162 2527 textu
204 2457 274 2528 hac
313 2483 355 2527 ex
393 2471 496 2552 parte
536 2457 744 2528 ordinando
785 2460 936 2528 arbitrio
978 2482 1062 2526 meo
1104 2457 1256 2525 licenter

61 2571 217 2665 indulsi,
250 2570 314 2642 sed
349 2587 491 2643 secutus
522 2598 601 2642 sum
637 2587 713 2643 turn
749 2574 952 2666 exemplum
990 2573 1149 2640 virorum
1186 2569 1256 2637 do-

62 2699 233 2778 ctorum,
260 2688 324 2783 qui
357 2689 547 2782 hucusque
571 2689 686 2758 libros
710 2687 911 2757 Sanscritos
938 2685 1103 2757 edidere:
1137 2681 1255 2751 Cursu

62 2814 99 2868 et
122 2803 357 2894 Minsnutnnr,
391 2802 640 2895 Connsnooru,
674 2800 794 2871 Critoni
824 2800 979 2870 Wunuts
1013 2814 1049 2869 et
1088 2797 1256 2867 nostratis

62 2917 204 3008 Borma,
230 2931 308 2987 tum
332 2918 650 3011 consuetudinem,
678 2943 789 3014 quam
817 2918 853 2986 in
877 2916 1067 2987 codicibus
1092 2914 1261 2981 Devana-

60 3033 192 3125 ga-ricis
223 3031 407 3103 dominari
447 3035 645 3104 observavi.
703 3034 798 3105 Nam·
833 3031 935 3128 quod
969 3029 1106 3101 librarii
1138 3025 1254 3098 Indici

61 3149 242 3217 vocabula
265 3173 330 3242 per
355 3149 515 3245 integros
544 3173 664 3219 versus
697 3148 930 3238 continuant,
964 3146 1001 3215 id
1031 3170 1106 3215 non
1138 3143 1179 3212 lit
1213 3165 1254 3215 ex

63 3263 138 3332 ullo
164 3263 422 3358 grammaticae
445 3265 529 3334 artis
554 3276 771 3358 praecepto,
802 3262 865 3333 sed
892 3275 932 3330 ut
956 3262 1101 3330 chartae
1129 3283 1255 3354 parca·

62 3390 141 3469 tur,
169 3376 217 3446 de
243 3401 316 3472 qua
342 3403 410 3448 nos
436 3380 589 3448 minime
615 3379 758 3447 solliciti
785 3401 918 3446 sumus.

161 3491 259 3564 Nihil
296 3507 370 3585 est,
410 3493 514 3588 quod
553 3493 800 3588 perspicuitati
838 3505 874 3562 et
913 3489 1070 3560 facilitati
1110 3485 1254 3582 legendi
1323 3551 1327 3557 .

61 3608 177 3701 magis
203 3608 340 3678 obstet:
373 3609 428 3678 fae
461 3610 579 3701 enim,
611 3609 785 3677 lectorem
808 3606 1079 3702 grammaticam
1110 3603 1253 3698 linguae

61 3721 265 3792 Senseritae
292 3737 329 3793 et
354 3748 503 3793 omnem
528 3724 731 3793 dictionum
760 3724 906 3816 copiam
929 3735 1004 3792 tarn
1031 3721 1148 3816 probe
1174 3743 1253 3788 me·-

60 3837 179 3907 moria
205 3850 350 3929 tenere,
382 3852 422 3908 ut
448 3839 526 3908 sine
559 3839 628 3907 ulla
656 3838 894 3908 haesitatione
928 3837 1108 3907 inlinitum
1135 3855 1252 3928 paene

163 4166 194 4250 *)
222 4169 446 4237 Brahmanum
473 4165 669 4245 doctorum,
695 4165 756 4234 Ed.
780 4168 804 4231 1.
