2842 4636
432 188 665 250 eflutsvratvl
698 189 872 252 lassum.
1130 193 1254 254 lllllllll

63 370 168 442 modi
204 373 312 444 index
351 400 465 471 quum
499 375 678 470 perlectus
715 375 840 468 luerit,
872 378 980 448 uobis
1015 392 1099 448 ante
1131 381 1257 450 oculos

62 490 170 585 quasi
223 503 338 584 ponet
383 491 573 561 historiam
620 491 930 585 interpretationis
972 493 1257 589 Bbagavadgitae

63 604 164 700 apud
183 605 306 675 Indos.
359 607 516 677 Alteram
543 607 665 701 operis
690 619 830 700 partem
857 594 1070 678 absolvendi
1095 608 1258 679 subsidia

61 734 209 813 praesto
249 719 401 814 quidem
438 720 541 790 luere
574 719 765 808 Crldharas
798 735 834 790 et
868 719 1185 813 lladhusildanas,
1222 737 1258 792 at

61 833 178 903 deluit
206 835 379 904 auxilium
418 835 621 927 Caularae,
652 836 754 905 ouius
788 837 1074 907 commentarius
1107 834 1187 907 lons
1221 851 1258 908 et

62 962 173 1043 caput
198 951 310 1019 totius
336 950 644 1044 interpretationis
671 964 735 1020 est.
796 951 874 1021 lloo
908 951 1030 1044 itaque
1061 949 1256 1023 destitutus

62 1063 223 1134 indicem
251 1065 351 1134 bunc
383 1065 420 1134 in
453 1064 612 1135 futurum
645 1079 790 1160 tempus
825 1062 967 1155 distuli,
992 1089 1141 1160 sperans
1166 1067 1257 1161 sore,

64 1192 105 1247 ut
131 1180 293 1249 consiliis
315 1180 542 1250 celeberrimi
559 1179 733 1250 ludorum
753 1179 965 1274 philosophi
986 1179 1037 1249 uti
1056 1180 1255 1274 aliquando

64 1293 158 1362 mihi
184 1294 299 1364 liceat.

166 1409 364 1479 Generales
399 1409 633 1503 quaestiones
667 1408 713 1479 de
747 1423 864 1481 aetate
898 1409 1183 1506 Bhagavadgitac
1216 1434 1258 1481 ac

64 1518 247 1611 doctrina,
274 1546 385 1615 quam
403 1521 595 1616 profitetur
611 1524 688 1593 eius
705 1523 887 1611 conditor,
903 1538 1057 1595 tractare
1075 1526 1256 1594 inanimo

64 1632 173 1703 luisse
208 1634 432 1730 Schlegelio,
471 1636 508 1705 in
546 1637 771 1731 praefatione
813 1638 985 1710 editionis
1017 1641 1151 1734 prioris
1180 1641 1257 1734 ipse

63 1747 267 1842 significat,
309 1750 400 1820 nihil
438 1764 562 1821 tamen
603 1751 707 1846 quod
746 1778 790 1823 eo
833 1755 998 1848 respicit,
1040 1753 1078 1823 in
1112 1753 1260 1823 schedis

63 1865 140 1933 cios
166 1866 323 1960 repperi.
375 1865 467 1935 Satis
493 1865 650 1936 dillicilis
683 1881 737 1937 est
770 1892 892 1938 earum
925 1868 1059 1957 altera,
1080 1891 1178 1960 quae
1205 1883 1258 1938 est

65 1977 111 2048 dc
139 1979 328 2074 doctrina,
355 1981 446 2052 haec
471 1982 570 2051 enim
598 2007 672 2052 non
708 1981 755 2052 ad
788 1983 895 2053 unius
919 1982 1064 2052 scholae
1091 1980 1259 2074 pbiloso-

62 2097 194 2190 phicae
220 2095 365 2166 decreta
393 2094 619 2167 conformata
648 2111 720 2189 est,
744 2096 809 2167 sed
840 2096 1021 2167 admixtae
1049 2096 1087 2171 iu
1108 2119 1150 2164 ea
1175 2110 1259 2168 sunt

61 2212 204 2305 placitis
224 2211 370 2306 llapilae
393 2225 430 2281 et
456 2209 664 2306 Patang‘alis
687 2213 906 2304 sententiae,
933 2236 1027 2308 quae
1056 2234 1098 2280 ex
1115 2211 1258 2282 Vedan-

61 2329 131 2398 tica
158 2327 395 2421 philosophia
410 2329 611 2411 vetustiori,
628 2329 746 2422 qualis
767 2342 851 2398 ante
869 2328 1066 2416 Caularem
1086 2328 1259 2419 obtinuit,

63 2443 243 2537 originem
269 2441 419 2518 trahunt
447 2455 557 2536 atque
578 2467 730 2513 summa
748 2446 860 2514 totius
885 2442 1073 2513 doctrinae
1098 2443 1190 2512 ratio
1218 2443 1257 2512 in

63 2555 254 2627 divinitate
275 2556 433 2628 Vishnus
458 2570 630 2626 versatur.
645 2557 678 2644 *)
733 2555 836 2646 Quae
858 2582 973 2652 quum
997 2559 1047 2627 ita
1072 2557 1164 2648 sint,
1190 2581 1256 2651 ap-

161 2891 193 2976 *)
224 2894 318 2959 Hanc
344 2892 574 2959 difficultatem
608 2895 712 2960 sensit
743 2895 806 2958 iam
833 2894 1033 2961 Fnrnemcus
1061 2895 1257 2959 Wuvmscu-

62 3034 214 3088 lituum,
249 3010 340 3075 cuius
369 3010 473 3074 verba
499 3008 571 3073 hl.
605 3027 760 3100 repetere
787 3011 882 3076 iuvat
939 3011 991 3097 Dc
1016 3006 1258 3101 Bbagavadgita

62 3126 106 3188 ita
133 3125 297 3216 loquitur,
313 3123 477 3202 Satrium
495 3150 527 3216 p.
544 3122 620 3193 86.:
648 3124 900 3215 »poemaillud
926 3125 1139 3203 didacticum,
1163 3121 1257 3216 quod

61 3240 173 3328 primo
200 3239 319 3303 obtutu
348 3238 491 3328 simplex
519 3263 591 3303 esse
620 3237 751 3304 videtur
779 3257 813 3303 et
834 3238 949 3318 facile,
976 3238 1038 3305 sed
1061 3264 1179 3304 revera
1204 3239 1257 3302 in-

62 3354 216 3420 tricatum
238 3370 338 3418 estet
362 3351 593 3419 difficillimum
621 3369 764 3443 propter
792 3354 961 3419 variorum
986 3351 1175 3445 dogmatum
1198 3354 1258 3418 mi-

63 3489 221 3536 sturam«
274 3467 379 3532 Nimis
406 3465 569 3532 violenter
595 3466 713 3533 lactem
740 3492 812 3533 esse
832 3468 1112 3534 consociationem
1130 3468 1256 3534 doctri-

63 3611 125 3650 nae
155 3582 356 3667 Srlnlsbjicae
394 3606 469 3646 cum
496 3580 681 3647 thdntice
709 3583 773 3644 iam
801 3581 927 3682 dudum
955 3583 1143 3650 observavit
1171 3587 1256 3648 Bua-

63 3724 205 3767 uoorrns
231 3701 267 3763 in
294 3701 421 3770 notitia
448 3697 491 3761 de
520 3691 1063 3785 codiceBlidgatuta-Purdn‘ae,
1081 3700 1114 3761 in
1131 3698 1254 3766 Journ.

62 3811 123 3882 As.
150 3814 257 3883 1825.
287 3816 395 3878 Tomc
421 3812 497 3889 Vll,
525 3837 558 3902 p.
580 3811 658 3879 199.
711 3811 816 3876 Immo
840 3813 912 3902 ipse
935 3831 1034 3903 poeta
1057 3815 1133 3877 satis
1160 3811 1254 3876 lucu-

63 3928 154 3995 lente
183 3928 379 4019 significavit
405 3930 571 4018 geminum
600 3925 772 3991 doctrinae
792 3952 870 3990 sune
895 3925 1038 4008 fontem3
1063 3925 1254 4013 saepissime
1299 4019 1304 4028 1

64 4045 151 4142 epim
190 4042 234 4107 ad
270 4040 457 4108 doctrinam
500 4039 712 4124 Salnlibjicam
753 4058 786 4105 et
821 4039 979 4131 ngicam
1023 4053 1182 4128 provocat
1215 4054 1256 4100 -et

61 4159 245 4224 minuam
272 4140 483 4224 conditorem
510 4154 683 4223 versutae
709 4153 877 4246 appella,
904 4153 1075 4230 xum

1007 4284 1049 4329 ru
