2842 4636
287 138 292 149 “
349 191 369 229 .
544 156 794 220 scumcmu.
1163 157 1269 220 xiva
1333 173 1335 177 ·

77 419 80 422 a
178 349 215 418 ln
242 346 541 417 adnotationibus
567 347 701 416 criticis
723 345 866 440 saepius
894 346 1089 439 provocavi
1120 341 1166 416 ad
1191 370 1272 415 me-

76 477 195 556 trum3
223 462 422 533 dicendum
450 463 557 558 igitur
584 475 638 531 est
663 459 804 555 aliquid
827 459 876 530 de
904 485 942 530 re
965 460 1114 530 metrica
1140 462 1273 532 carmi-

81 582 136 649 nis
163 579 290 648 nostri.
344 578 560 647 Dubitanter
586 575 632 646 ad
656 576 729 645 hoc
752 599 812 644 me
838 575 1002 670 accingo,
1024 577 1063 646 in
1090 600 1166 670 quo
1192 578 1274 649 nul-

78 695 154 763 lum
182 695 293 763 alium
320 691 453 762 ducem
486 716 644 787 sequor,
679 715 791 785 quam
826 691 1119 763 observationem
1153 715 1274 762 meam

78 835 163 880 usus
190 807 338 902 poetici.
389 807 498 878 Multa
529 831 614 877 saue
641 805 831 877 recondita
858 804 995 900 prolert
1025 808 1065 877 V.
1093 804 1143 875 Cl.
1171 808 1211 876 H.
1235 806 1274 877 Τ.

81 923 301 994 Cocanicum
335 924 372 993 iu
415 920 669 992 dissertatione
704 945 766 990 sua
802 919 848 990 de
886 921 991 990 Poesi
1026 920 1208 992 Sauscrita
1240 936 1278 992 et

81 1040 254 1128 Pracrita,
281 1038 475 1131 praecipue
501 1035 547 1106 de
570 1035 767 1106 artificioso
791 1035 858 1105 isto
880 1035 1107 1107 versificandi
1133 1061 1279 1131 genere,

81 1169 157 1224 tum
189 1155 224 1222 in
261 1152 441 1223 inlinitum
470 1152 631 1243 variato,
665 1164 743 1220 tum
779 1151 1013 1221 severissimis
1048 1153 1185 1247 legibus
1211 1151 1278 1221 ad·

82 1271 231 1361 stricto,
257 1267 360 1363 quod
385 1281 517 1362 poetae
549 1269 703 1337 seriores
731 1267 935 1338 coluerunt.
991 1268 1042 1337 De
1070 1267 1184 1358 Clocu
1210 1295 1276 1339 au·-

81 1400 177 1478 tem,
208 1398 326 1456 metro
361 1383 629 1478 simplicissimo
662 1396 719 1474 et,
746 1396 787 1451 ut
821 1380 984 1475 videtur,
1009 1384 1279 1478 antiquissimo,

83 1500 187 1597 quod
216 1522 456 1594 peromnem
483 1497 613 1592 poesin
640 1499 782 1592 epicam
810 1511 846 1566 et
868 1499 1077 1591 gnomicam
1100 1498 1278 1570 ludorum

84 1618 153 1687 late
181 1615 393 1685 dominatur
426 1627 462 1682 et
494 1613 647 1707 proprio
681 1613 832 1682 nomine
862 1611 1098 1684 Annsht'ubt
1133 1613 1279 1706 dicitur,

84 1732 232 1802 brevior
263 1743 337 1820 cst,
372 1751 482 1822 quam
519 1729 669 1819 vellem,
703 1728 774 1814 (As.
802 1727 878 1796 Res.
907 1725 964 1795 ed.
993 1726 1107 1796 Lond.
1135 1730 1211 1799 Vol.
1236 1729 1280 1821 X,

85 1874 121 1942 p.
144 1844 233 1936 438,
260 1849 345 1928 439)
382 1856 417 1931 et
451 1843 564 1912 fateor
598 1867 656 1912 me
688 1840 825 1936 regulas
860 1842 905 1910 ab
942 1867 986 1911 eo
1020 1841 1170 1913 traditas
1205 1870 1279 1915 uon

84 1964 169 2033 satis
194 1960 347 2055 assequi.
399 1959 548 2028 Veniam
579 1959 667 2029 mihi
696 1957 838 2028 dabunt
863 1956 1071 2050 doctiores,
1104 1959 1132 2027 si
1160 1960 1280 2053 prima

87 2079 266 2147 elementa
295 2075 419 2170 paucis
442 2087 695 2165 retractavero,
722 2073 897 2168 quoniam
917 2098 958 2146 ea
978 2073 1178 2144 arctissimo
1200 2075 1282 2144 vin-

84 2192 168 2262 culo
198 2215 280 2260 cum
308 2190 351 2257 iis
380 2212 468 2258 nexa
494 2201 599 2278 sunt,
637 2212 731 2282 quae
764 2186 931 2258 nondum
964 2189 1049 2259 satis
1082 2187 1280 2260 dilucidata

85 2306 178 2376 mihi
207 2329 282 2374 esse
307 2303 487 2375 videntur.

189 2419 410 2509 Quantitatis
456 2420 552 2513 leges
596 2418 736 2512 liuguae
779 2419 981 2489 Sanscritae
1025 2445 1108 2490 cum
1146 2422 1282 2495 Graeca

84 2551 170 2608 suut
203 2559 435 2606 communes:
470 2533 625 2627 syllabae
660 2547 719 2603 aut
755 2534 883 2628 longae
922 2547 1028 2625 sunt,
1061 2549 1123 2604 aut
1156 2538 1285 2607 breves

85 2650 290 2724 secundum
316 2649 495 2720 vocalium
524 2663 705 2741 naturam,
735 2646 991 2742 producuntur
1007 2664 1193 2743 praeterea
1211 2677 1283 2747 po-

87 2768 234 2837 sitione.
285 2765 435 2838 Vocales
461 2763 590 2857 longae
618 2787 701 2832 vero
728 2786 748 2831 a
774 2763 947 2832 brevibus
970 2763 1133 2834 eiusdem
1161 2766 1284 2834 uomi-

88 2884 144 2952 nis
170 2881 274 2977 signo
310 2879 482 2974 peculiari
511 2879 649 2973 ubique
684 2877 976 2971 distinguuntur,
1003 2892 1042 2948 ut
1077 2878 1169 2949 adeo
1195 2882 1286 2950 scri-

88 3012 198 3091 ptura
221 2997 298 3090 ipsa
325 2995 564 3089 quantitatem
594 2994 806 3088 patefaciat,
833 3019 908 3087 quo
936 2994 1136 3065 commodo
1164 2996 1286 3090 lingua

87 3112 215 3182 Latina
244 3110 396 3180 omniuo
421 3124 537 3199 caret,
561 3109 697 3178 Graeca
725 3110 761 3179 in
789 3111 915 3180 litteris
941 3110 1163 3181 Simonideis
1189 3111 1286 3182 duu-

89 3239 186 3295 taxat
213 3224 353 3297 fruitur.
405 3224 601 3293 Positiouis
629 3226 771 3318 regulae
804 3226 1002 3296 strictiores
1034 3241 1137 3320 suut,
1173 3253 1286 3323 quam

90 3339 190 3435 apud
214 3338 372 3409 Graecos
396 3353 432 3408 ct
456 3340 619 3431 Latinos,
649 3365 733 3409 nam
761 3355 797 3410 et
827 3342 989 3436 liquidae
1016 3357 1051 3413 et
1083 3343 1286 3412 semivoca-

93 3455 169 3546 les,
197 3467 234 3525 et
259 3455 377 3523 littera
410 3477 434 3538 a·
466 3457 538 3524 sive
564 3454 782 3549 adspiratio,
808 3469 845 3524 et
869 3458 1014 3550 spiritus
1041 3457 1176 3549 finalis,
1199 3483 1286 3528 curn

93 3569 220 3663 quavis
244 3583 470 3638 consonante
499 3571 714 3639 coniunctae
742 3571 964 3664 positionem
992 3572 1139 3663 faciunt,
1165 3586 1202 3642 et
1225 3574 1288 3643 lit-

91 3696 168 3752 tera
206 3704 229 3765 a
267 3683 343 3750 sola
387 3705 454 3778 per
492 3708 529 3750 se
577 3683 748 3778 syllabam
789 3684 1066 3755 antecedentem
1106 3686 1285 3781 producit.

92 3797 236 3892 Syllaba
263 3796 371 3890 longa
390 3797 549 3868 duorum
577 3812 630 3867 est
653 3813 874 3894 temporum,
898 3801 1016 3870 brevis
1038 3805 1155 3892 unius,
1180 3803 1287 3894 plane

94 3927 132 3981 ut
167 3911 268 4007 apud
302 3911 458 3982 Graecos
493 3926 528 3981 et
562 3912 717 3982 Latinos.
784 3914 923 4009 Duplici
962 3929 1082 3984 autern
1121 3940 1288 3987 versuum

90 4053 225 4122 genere
249 4040 376 4122 poetas
392 4027 568 4098 ludorum
593 4030 644 4099 nti
674 4055 740 4099 nos
766 4028 875 4100 docet
895 4028 1162 4099 Connnnoomus:
1192 4055 1289 4123 quo-

92 4167 176 4230 rum
205 4143 360 4214 alterum
389 4143 590 4238 quanti-tate
624 4145 844 4237 metiuntur,
878 4143 1045 4214 videlicet
1070 4158 1110 4213 ut
1133 4144 1289 4239 syllaba-
