2842 4636
148 168 269 226 XLVlll
637 168 864 229 Pnttlrrttro

150 381 231 427 rum
261 376 432 422 numerus
458 355 584 423 variari
616 357 750 450 possit,
779 356 987 428 dummodo
1022 370 1231 453 temporum
1273 382 1340 429 nu·

150 493 270 541 merus
293 481 454 561 constet,
481 470 631 539 alterum
660 485 759 541 certo
787 473 1001 566 syllabarum
1031 498 1185 544 numero
1211 475 1340 543 termi-

104 660 106 665 ,
151 600 267 655 natur.
319 585 396 652 Hoc
423 585 602 676 posterius
627 586 760 655 iterum
785 588 821 656 in
851 586 924 657 duo
944 613 1076 681 genera
1100 588 1341 680 distribuitur,

148 725 307 796 quorum
330 701 481 769 alterum
509 701 887 772 monoschematicum
916 701 1038 772 dicere
1072 727 1282 797 possumus,
1303 704 1339 771 in

148 841 223 910 quo
250 839 393 908 semper
413 813 524 884 iidem
545 813 659 908 pedes
680 817 812 886 eodem
834 817 964 887 ordine
988 817 1160 911 redeunt,
1188 820 1341 887 alterum

146 931 303 1000 liberum
330 932 407 998 sine
433 930 506 997 ullo
533 931 745 1024 quantitatis
770 945 947 1026 respectu.
990 932 1177 1002 Eiusmodi
1208 957 1339 1024 versus,

147 1047 215 1114 nisi
251 1044 400 1113 accedat
437 1045 719 1133 ὁμοιοτέλευτον
755 1048 812 1116 vel
846 1048 914 1117 alia
947 1047 1129 1141 quaedam
1162 1071 1341 1117 sonorum

147 1161 388 1250 concinnitas,
414 1162 469 1228 rix
488 1161 561 1230 hoc
586 1162 736 1231 nomine
762 1161 862 1258 digni
882 1162 1150 1233 esscridentur.
1191 1161 1341 1250 Quous-

148 1301 221 1368 que
249 1276 392 1345 licentia
421 1275 646 1345 versificandi
673 1289 841 1370 evagetur
867 1277 904 1347 iu
934 1276 978 1348 V
976 1275 1075 1368 dclLr,
1102 1277 1250 1371 ignoro,
1277 1275 1343 1346 sed

148 1390 228 1459 ficri
256 1393 395 1484 potuit,
420 1404 461 1459 ut
486 1405 639 1486 propter
669 1392 895 1486 antiquitatis
923 1394 1160 1462 reverentiam
1186 1405 1222 1460 et
1247 1390 1342 1461 diri-

147 1529 229 1574 nam
259 1507 341 1574 libri
367 1508 619 1576 auctoritatem
644 1531 712 1601 pro
738 1508 900 1576 versibus
917 1506 1151 1598 haberentur,
1179 1507 1244 1601 qni
1263 1508 1338 1577 reri

144 1645 267 1691 versus
293 1647 367 1691 non
396 1637 499 1714 sunt,
527 1637 588 1694 aut
620 1625 743 1693 saltem
778 1623 882 1693 valde
913 1621 1022 1696 rudes
1055 1635 1091 1691 et
1124 1620 1339 1714 imperfecti.

145 1735 242 1807 lstud
267 1763 353 1807 rero
381 1753 537 1808 metrum
564 1740 754 1809 heroicum
773 1753 809 1808 et
824 1740 1050 1834 gnomicum,
1074 1735 1120 1807 de
1145 1762 1221 1831 quo
1240 1761 1340 1806 nuuc

145 1855 279 1948 agitur,
307 1852 354 1922 ad
380 1855 543 1924 medium
572 1853 761 1948 quoddam
787 1879 898 1948 genus
932 1854 1091 1947 pertinet
1117 1865 1153 1920 et
1186 1853 1339 1920 mixtum

146 1993 189 2037 ex
216 1982 389 2062 utroque:
417 1972 557 2064 quippe
586 1971 622 2038 in
650 1972 751 2039 cuius
777 1983 880 2063 parte
907 1970 1028 2062 aliqua
1055 1967 1198 2062 syllabis
1221 1966 1340 2061 longis

146 2086 201 2154 rel
229 2086 399 2155 brevibus
432 2088 638 2180 promiscue
665 2086 717 2154 uti
745 2086 869 2176 liceat,
904 2085 1015 2152 altera
1042 2107 1123 2177 pars
1157 2083 1264 2152 certis
1289 2083 1343 2150 le-

145 2200 250 2294 gibus
275 2201 321 2270 sit
352 2200 531 2270 adstricta.
586 2200 720 2290 Clonus
750 2214 804 2269 est
827 2199 1031 2289 distichon,
1058 2197 1160 2268 cuius
1185 2209 1341 2291 uterque

147 2341 268 2386 versus
293 2316 452 2394 sedecim
483 2318 628 2411 syllabis
654 2330 796 2385 constat
821 2329 858 2386 et
886 2338 1031 2383 caesura
1058 2312 1259 2406 aequaliter
1280 2310 1341 2380 di-

147 2431 293 2501 viditur.
345 2433 514 2503 Nonnulli
542 2434 656 2524 aiunt,
679 2431 829 2523 Clocnm
854 2429 1041 2525 quaternis
1067 2427 1229 2497 versibus
1254 2439 1340 2496 octo

148 2548 365 2641 syllabarum
392 2548 549 2639 absolvi,
574 2547 638 2616 sed
663 2547 865 2616 accuratior
893 2558 945 2614 est
971 2556 1092 2612 nostra
1119 2542 1223 2611 ratio.
1263 2541 1342 2611 Hoc

148 2665 246 2734 enim
275 2666 423 2734 interest
455 2665 548 2733 inter
575 2687 757 2732 caesuram
788 2675 823 2730 et
847 2682 968 2730 versus
995 2658 1210 2748 clausulam,
1237 2655 1343 2750 quod

148 2781 360 2850 coniunctio
398 2780 597 2848 litterarum
632 2778 714 2864 (afar)
751 2800 933 2846 caesuram
969 2772 1169 2867 egreditur,
1204 2771 1343 2841 sistitur

147 2909 275 2964 contra
302 2896 338 2964 in
365 2895 437 2963 fine
464 2918 643 2963 versuum.
697 2893 933 2986 Porriguntur
968 2912 1118 2983 quoque
1155 2885 1340 2958 interdum

148 3010 242 3079 ultra
268 3034 451 3079 caesuram
483 3010 589 3076 verba
617 3008 820 3100 composita
848 3005 1028 3099 longiora,
1055 3003 1104 3072 ita
1125 3016 1273 3093 tamen,
1302 3015 1342 3071 ut

151 3124 188 3192 in
215 3125 380 3192 membra
407 3148 470 3192 sua
496 3124 652 3216 legitima
679 3122 937 3212 concidantur3
964 3117 1066 3213 quod
1094 3118 1130 3187 in
1159 3116 1232 3186 fine
1258 3140 1341 3186 ver-

148 3263 256 3306 suum
280 3261 468 3333 nunquam
495 3237 574 3307 lieri
602 3238 705 3307 solet.
764 3240 840 3307 lloc
873 3260 957 3306 vero
995 3256 1193 3304 commune
1228 3231 1343 3302 habet

150 3377 297 3425 caesura
325 3378 407 3423 cum
434 3378 555 3423 versus
589 3354 768 3446 clausula,
795 3351 897 3447 quod
924 3351 1122 3443 utrobique
1149 3348 1187 3417 in
1213 3347 1345 3417 ultima

150 3470 284 3565 syllaba
324 3470 535 3564 quantitatis
570 3471 661 3538 ratio
697 3496 773 3540 non
814 3470 979 3538 habetur.
1050 3464 1206 3534 Schema
1236 3462 1345 3554 Cloci

149 3587 434 3681 vulgatissimum
461 3584 535 3655 hoc
560 3599 631 3654 est:

517 3749 522 3839 r
547 3747 744 3841 v--tr

327 3877 492 3901 υυψυ
678 3884 713 3893 -—

325 3880 747 3972 „uro-wa

250 4050 293 4118 Et
319 4047 357 4117 id
386 4048 503 4141 ipsum
528 4069 613 4138 prae
639 4069 676 4112 se
701 4045 821 4115 lerunt
846 4067 966 4114 versus
992 4043 1062 4132 isti,
1088 4063 1183 4134 quos
1208 4038 1354 4110 ’νήΙωί-

151 4165 223 4256 lris,
257 4164 361 4234 metri
396 4162 504 4232 huius
535 4163 723 4251 inventor,
761 4160 894 4230 inscius
930 4157 1033 4253 quasi
1066 4167 1102 4224 et
1134 4154 1353 4227 vehementi
