2842 4636
109 203 181 262 Vlll
588 195 817 260 PRAEFATIO

111 387 311 474 firmantur,
336 383 422 476 qui,
458 395 596 453 certum
631 383 721 453 mihi
754 380 918 474 videtur,
952 383 1092 477 inquit,
1126 383 1301 477 pulcerri-

112 525 215 572 mum
250 521 325 567 esse
359 497 432 566 hoc
465 497 664 567 Bharateae
700 496 906 592 episodium
942 510 978 565 ct
1011 495 1111 567 haud
1145 499 1220 567 scio
1256 523 1301 567 an

112 614 263 684 unicum
288 635 372 680 vere
398 611 697 706 philosophicum
717 635 876 701 carmen,
903 609 1005 704 quod
1030 611 1067 680 in
1093 612 1164 681 ulla
1180 613 1302 706 lingua

110 728 219 799 nobis
251 726 395 821 cognita
429 738 551 794 exstet.
574 727 606 812 *)
659 725 743 796 Eius
776 726 948 819 gravitate
983 750 1024 794 ac
1058 724 1304 820 pulcritudine

115 867 228 937 quum
269 864 503 933 summopere
543 838 782 913 delectaretur
817 839 1056 934 Schlegelius,
1094 841 1195 909 omni
1229 854 1305 909 stu-

112 955 174 1026 dio
209 955 332 1024 enisus
366 967 437 1045 est,
472 967 511 1022 ut
542 952 692 1023 editoris
724 978 874 1024 munere
903 955 940 1023 in
972 956 1141 1024 carminis
1176 980 1303 1024 emen-

113 1070 262 1141 datione
291 1082 327 1138 et
360 1069 588 1138 enarratione
623 1069 693 1138 rite
727 1068 1012 1164 perfungeretur.
1070 1071 1143 1141 Nec
1176 1071 1304 1139 frustra

113 1184 151 1254 id
179 1186 270 1277 egit3
306 1195 442 1279 textum
471 1183 589 1274 enim,
624 1184 661 1252 in
697 1182 859 1254 editione
888 1181 1103 1253 Calcuttensi
1137 1184 1303 1278 principe

114 1299 237 1369 multis
263 1299 358 1367 vitiis
384 1298 616 1392 inquinatum
643 1299 821 1368 librorum
849 1323 960 1368 manu
986 1299 1204 1392 scriptorum
1231 1322 1303 1391 ope

111 1415 161 1483 ita
198 1413 406 1508 castigatum
448 1413 639 1506 exhibuit,
676 1429 716 1484 ut
749 1415 987 1509 paucissimos
1024 1427 1165 1483 tantum
1201 1415 1304 1481 locos

111 1525 280 1597 secundis
303 1529 397 1597 curis
424 1526 673 1598 retractandos
695 1530 934 1623 relinqueret3
963 1522 1300 1622 interpretationem

112 1641 275 1713 Latinam
302 1643 331 1710 si
360 1667 402 1710 ex
431 1643 580 1712 veritate
614 1644 804 1713 aestimare
830 1644 1016 1734 volumus,
1042 1655 1210 1736 reputare
1237 1640 1304 1711 de-

111 1757 262 1847 bemus,
289 1757 351 1826 illo
378 1770 545 1851 tempore
571 1771 716 1852 praeter
740 1760 946 1828 versionem
965 1757 1149 1850 anglicam
1178 1755 1301 1825 Cinom

110 1854 321 1962 Wunrusri,
354 1895 465 1966 quam
493 1873 622 1941 merita
647 1870 754 1942 laude
789 1883 1073 1962 commemorat,
1099 1885 1134 1940 et
1166 1871 1304 1940 scholia

115 1982 432 2072 Catonmtsvauturs
459 1986 496 2054 in
523 1999 632 2080 caput
656 1985 871 2078 secundum,
898 2009 992 2080 quae
1020 2009 1062 2053 ex
1084 1985 1212 2056 codice
1237 1988 1304 2055 l'a-

112 2100 225 2168 risino
262 2099 520 2193 descripserat,
558 2101 654 2170 nulla
689 2100 890 2195 Schlegelio
924 2101 962 2168 iu
997 2113 1171 2194 promptu
1200 2098 1305 2168 luisse

114 2213 342 2307 adiumenta3
368 2202 595 2284 utilissimam
623 2228 742 2284 autem
770 2215 843 2283 sire
866 2215 990 2308 potius
1015 2239 1162 2309 prorsus
1180 2238 1305 2282 neces-

115 2330 246 2400 sariam
278 2353 353 2398 esse
386 2327 433 2398 ad
467 2343 576 2398 recte¹
598 2327 873 2424 intelligendum
911 2330 1068 2420 librum,
1101 2329 1218 2423 qualis
1254 2340 1306 2396 est

113 2441 392 2538 Bhagavadgita‚
414 2444 668 2538 cognitionem
690 2445 1037 2511 commentariorum
1056 2455 1303 2512 enarratorum

114 2557 381 2653 indigenarum,
405 2581 514 2633 nemo
541 2559 650 2628 huius
669 2559 719 2627 rei
742 2558 879 2651 peritus
905 2557 1037 2627 inlitias
1066 2558 1143 2626 ibit.
1180 2558 1305 2650 Neque

63 2688 64 2691 ’
118 2672 214 2746 edita
240 2686 328 2743 tunc
352 2662 453 2742 fuere
479 2673 625 2768 scripta,
652 2673 786 2767 quibus
809 2685 933 2766 postea
955 2673 1000 2742 ab
1023 2671 1175 2741 eruditis
1190 2672 1306 2740 Euro-

114 2788 215 2881 paeis
237 2786 624 2881 praeclare-explicata
650 2799 734 2855 sunt
759 2787 890 2879 placita
915 2786 1220 2880 philosophorum
1245 2785 1307 2854 ln-

115 2899 296 2970 dicorum.
355 2901 432 2969 Huc
462 2898 621 2990 accedit,
648 2898 848 2969 admodum
876 2897 1023 2968 difficile
1053 2923 1147 2990 esse,
1183 2900 1307 2968 notio-

115 3039 179 3087 nes
206 3013 347 3084 lndicas
371 3013 667 3108 philosophicas,
699 3025 891 3107 tantopere
925 3038 946 3082 a
973 3014 1221 3082 Romanorum
1248 3014 1306 3082 in-

116 3129 224 3223 genio
243 3129 391 3218 alienas,
409 3128 598 3221 perspicue
616 3140 651 3196 et
667 3127 745 3195 sine
766 3127 1090 3196 circumlocutione
1104 3129 1307 3220 exprimere

116 3267 286 3312 sermone
307 3242 456 3333 Latino,
488 3266 563 3337 quo
590 3255 673 3336 post
695 3238 829 3309 editam
853 3264 950 3309 anno
975 3237 1305 3309 MDCCLXXXVlll.

117 3357 155 3425 in
182 3355 369 3426 academia
395 3355 621 3451 Gottingcnsi
655 3353 701 3424 de
736 3353 956 3448 geographia
982 3353 1172 3424 Homerica
1204 3380 1308 3424 com-

117 3473 382 3542 mentationem
411 3471 457 3542 ad
477 3470 709 3542 scribendum
737 3494 812 3538 non
840 3492 922 3538 usus
948 3469 1308 3564 lueratSchlegelius.

114 3749 116 3751 »
167 3692 197 3778 *)
222 3691 300 3760 Vid.
327 3690 863 3782 IndischeBibliotlz.ll,p.‘219.
893 3690 1308 3779 Opp.Collect.l,p.lll.

119 3807 283 3877 Similiter
308 3808 344 3871 in
370 3808 605 3873 dissertatione
624 3806 842 3882 Academica,
867 3829 966 3894 quae:
997 3804 1106 3870 [seber
1127 3803 1182 3869 die
1206 3820 1310 3867 tenter

118 3923 196 3990 dem
211 3924 349 3990 Nomen
362 3923 424 3990 Bh.
440 3921 483 3988 G.
503 3921 675 3986 betannte
690 3920 839 4010 Episode
857 3917 917 3982 des
932 3919 1232 3991 tlahd-Btdrato,
1259 3920 1310 3981 iu-

120 4032 243 4132 scripta
266 4056 299 4104 et
314 4033 406 4105 Actt.
422 4037 508 4127 ch.
523 4033 632 4104 Acad.
647 4036 760 4102 Berol.
786 4060 825 4105 ex
851 4035 944 4098 annis
959 4034 1231 4102 MDCCCXXV.
1259 4035 1309 4096 iu·

120 4172 209 4222 serta
237 4173 297 4235 est,
325 4181 357 4246 p.
383 4149 438 4221 54.
477 4154 560 4246 Opp.
587 4153 725 4253 Collect.
754 4152 778 4230 l,
804 4175 838 4240 p.
866 4145 923 4216 96.
962 4223 963 4226 ¹
