2842 4636
110 187 192 246 xxx
524 272 526 274 v
594 184 824 250 rnxrrxno

117 413 119 417 >
214 374 262 442 Ex
292 387 371 444 tota
402 373 581 443 variarum
619 373 819 442 lectionum
855 372 1025 470 congerie
1063 395 1122 445 eas
1159 385 1301 446 tantum

114 504 404 560 commemorare
457 487 644 558 constituit
694 486 943 582 Schlegelius,
998 513 1092 584 quae
1139 492 1300 584 speciem

114 603 298 697 quandam
325 603 483 672 veritatis
514 626 601 697 prae
631 625 669 670 se
696 602 829 671 ferrent
855 615 916 672 aut
949 602 1042 673 serre·
1068 603 1181 675 videri
1214 629 1301 700 pos-

112 732 211 810 sent,
248 717 350 812 quod
391 717 525 787 Iactum
564 741 584 787 a
621 716 767 785 nemine
806 718 1067 811 reprehensum
1110 718 1155 787 iri
1192 743 1301 811 reor,

112 856 226 926 quum
254 856 387 925 operae
413 831 570 925 pretium
599 855 673 900 non
700 830 764 922 sit,
790 831 829 900 in
853 831 1073 902 librotanta
1096 834 1302 928 integritate

112 947 220 1015 nobis
246 944 381 1015 tradito
410 958 445 1013 et
476 957 533 1014 tot
556 945 703 1014 testium
739 943 960 1014 idoneorum
995 946 1186 1040 praesidiis
1220 971 1301 1015 mu-

112 1061 190 1130 nito
234 1059 411 1150 edoceri,
447 1084 540 1154 quae
582 1072 731 1154 peccata
768 1060 841 1129 sint
884 1083 904 1130 a
946 1060 1119 1130 librariis:
1171 1058 1300 1131 officiis

111 1175 184 1244 suis
210 1175 363 1244 omnino
392 1173 601 1243 satisfecerit
627 1172 768 1264 editor,
792 1172 821 1242 si
853 1197 981 1243 omnes
1007 1175 1205 1270 scripturae
1239 1199 1302 1245 va·

111 1290 255 1358 rietates
290 1289 366 1386 ipse
405 1302 570 1358 accurate
606 1300 849 1382 perscrutatus
882 1288 928 1356 sit
963 1301 1000 1357 et
1033 1289 1301 1359 examinaverit.

111 1404 234 1498 Quam
260 1404 309 1472 ob
336 1427 497 1474 caussam
524 1428 601 1472 non
630 1402 791 1473 dubitavi
818 1402 979 1472 indicem
998 1402 1301 1498 corrigendorum

113 1520 150 1587 in
171 1517 334 1589 editione
351 1515 566 1588 Calcuttensi
588 1515 741 1586 editioni
766 1516 882 1611 priori
901 1516 1083 1588 adiectum
1112 1518 1300 1610 omittere3

112 1657 189 1702 eam
215 1646 341 1703 contra
367 1632 534 1703 lectionis
556 1631 813 1722 diversitatem,
840 1655 950 1725 quam
978 1656 1020 1702 ex
1043 1629 1303 1704 Mndhusdda-

110 1771 179 1819 nne
202 1749 465 1819 commentario
494 1747 659 1838 enotavi,
696 1746 736 1816 in
769 1745 956 1820 Addendis
989 1746 1159 1838 exhibui,
1193 1760 1303 1837 ratus,

113 1863 292 1934 eiusmodi
331 1865 442 1934 varias
482 1864 657 1933 lectiones
708 1884 836 1931 omnes
874 1862 920 1930 ab
959 1861 1100 1931 editore
1149 1861 1303 1932 exscribi

119 1991 302 2071 oportere.

209 2090 250 2160 In
285 2092 550 2161 conscribenda
586 2089 823 2160 adnotatione
840 2090 872 2176 *)
913 2090 987 2160 duo
1029 2090 1096 2159 sibi
1135 2090 1304 2185 inprimis

113 2207 308 2302 proposuit
326 2206 563 2303 Schlegelius,
589 2207 770 2301 primum,
796 2220 837 2276 ut
863 2204 908 2275 de
935 2204 1122 2300 insigniori
1147 2207 1304 2301 seriptu-

111 2346 173 2392 rae
199 2321 405 2393 diversitate
432 2336 468 2391 et
494 2321 751 2392 emendatione
771 2335 888 2391 textus
914 2321 1093 2390 rationem
1108 2306 1302 2412 redderet,

111 2654 145 2720 p.
170 2628 251 2696 203.
277 2663 322 2674 -
350 2629 414 2708 XI,
440 2627 499 2706 ltI,
523 2630 555 2692 b.
580 2618 682 2706 stiffi,
709 2627 801 2720 quod
835 2653 875 2692 ex
906 2630 1131 2710 antecedente
1157 2634 1245 2701 bem.
1272 2662 1300 2717 a.

112 2744 288 2834 irrepsisse
315 2741 455 2809 videtur.
507 2744 661 2808 Formam
688 2761 754 2822 tte,
782 2767 871 2807 nom.
894 2743 940 2834 pl.
967 2763 1038 2810 exet:
1067 2772 1132 2813 uno
1161 2749 1301 2840 quidem

113 2853 292 2946 Rigvedae
315 2855 408 2935 Ioco,
435 2858 461 2935 Ι,
491 2860 569 2934 119,
594 2859 626 2924 3.
656 2855 874 2941 (Ἦν-Μ
903 2875 967 2924 tter
994 2859 1110 2944 aum)
1144 2866 1301 2956 repperi,

113 2993 146 3039 at
179 2974 265 3037 iusto
300 2969 456 3036 audacius
490 2989 594 3050 esset,
629 2972 716 3037 hane
742 2971 1004 3064 Bbagavadgitae
1033 2976 1226 3044 obtrudere.
1254 3012 1297 3026 -

113 3088 238 3164 XVIII,
267 3086 300 3163 8,
327 3111 353 3149 a.
380 3103 445 3168 tut,
473 3085 566 3176 quod
588 3088 641 3153 vix
667 3105 777 3152 tamen
803 3086 921 3153 falsum
948 3108 1004 3156 est.
1021 3125 1067 3140 --
1095 3092 1302 3159 Rescriben-

115 3203 195 3267 dum
221 3217 401 3292 praeterea
429 3225 499 3264 esse
526 3200 660 3266 videtur
686 3203 752 3281 IX,
775 3205 806 3282 7,
822 3203 856 3270 b.
881 3202 990 3272 erberti
1015 3229 1078 3296 pro
1103 3197 1217 3290 Ψπᾶῗῗς
1236 3209 1302 3287 XI,

115 3325 148 3401 2,
175 3345 201 3384 a.
228 3304 351 3381 ῑῐδῐῐωῑῗτ
374 3339 437 3406 pro
460 3307 585 3399 miii,
617 3317 709 3395 XIII,
737 3321 794 3394 20,
821 3344 848 3382 a.
870 3337 954 3413 arsut
975 3345 1039 3413 pro
1064 3339 1176 3411 mut,
1211 3324 1302 3403 XVI,

117 3437 191 3513 lta.
218 3432 356 3497 fortasse
382 3428 504 3498 atina:
529 3456 592 3522 pro
618 3432 763 3500 affimat!
793 3433 836 3500 de
863 3438 985 3526 quibus
1012 3436 1094 3504 locis
1120 3439 1156 3500 in
1169 3433 1302 3504 Annot.

119 3569 152 3616 ct
176 3542 358 3616 Addendis
385 3544 463 3610 dixi.
509 3547 851 3614 Animadvertendum
890 3549 1038 3642 denique
1070 3569 1139 3630 est,
1175 3571 1305 3623 utrum-

115 3690 182 3758 que
209 3659 419 3728 scholiastam
448 3687 522 3726 cum
551 3660 604 3726 ed.
629 3664 740 3754 Blzag.
770 3663 814 3731 G.
841 3665 933 3731 Calc.
957 3684 991 3730 et
1015 3665 1181 3734 Malzdtt.
1211 3667 1304 3734 Cal.

119 3798 153 3848 et
178 3777 331 3871 pluribus
360 3775 459 3842 codd.
484 3777 541 3854 III,
564 3779 660 3855 ‘23‚a.
688 3782 855 3869 praebere
881 3770 949 3887 §tibi
973 3809 1035 3873 pro
1058 3772 1133 3848 'editt-
1158 3781 1198 3848 cf.
1212 3778 1304 3849 Add.

217 3915 247 4001 1)
275 3915 381 3980 Notae
410 3912 593 4007 Schlegelii
625 3933 680 3980 aut
711 3915 820 3982 littera
844 3918 876 3984 S.
909 3937 964 3982 aut
992 3919 1085 3987 nullo
1123 3921 1216 4010 signo
1256 3919 1308 3985 di-

119 4038 258 4104 stinctae
284 4046 378 4109 sunt,
405 4054 496 4094 meae
521 4028 631 4094 littera
656 4032 693 4094 L.
752 4031 846 4099 Notis
875 4058 915 4098 ex
941 4034 1048 4127 priori
1077 4033 1223 4101 editione
1250 4061 1309 4102 re-

116 4151 233 4246 petitis
260 4145 427 4240 praefixus
454 4161 504 4209 est
528 4146 714 4211 asteriscus.
