2842 4636
458 202 691 270 cuutsTtANt
720 205 895 267 tassnut.
1158 201 1267 262 XXVH

77 392 191 461 Hasce
231 391 507 464 emendationes
545 394 618 464 fere
658 406 805 464 cunctas
838 388 1121 484 suppeditabant
1152 412 1268 482 quum

80 529 278 577 cousensus
302 509 480 578 librorum
509 509 867 603 manuscriptorum,
893 519 970 575 tum
997 503 1192 600 praecipue
1214 515 1271 571 te·

79 621 252 691 stimonia
277 624 550 694 scholiastarum
578 636 615 692 et
648 623 850 693 accuratior
875 618 1126 713 interpretatio
1178 642 1271 687 con-

81 736 219 806 iectura
250 738 348 807 enim
387 751 530 808 tantum
563 736 610 807 ad
649 736 742 806 duos
777 736 877 803 iocos
908 730 1144 826 corrigendos
1179 753 1271 823 opus

82 865 172 943 erat,
200 878 358 946 quorum
385 879 499 922 unum
527 855 599 921 iam
627 852 739 947 priori
760 849 923 919 editione
946 845 1104 916 evidenti
1129 843 1271 913 medeia

77 982 267 1037 sanaverat
282 967 512 1062 Schiegelius.
529 967 561 1054 *)
614 971 807 1061 Purgatum
826 963 988 1057 denique
1004 973 1120 1029 totum
1137 982 1272 1053 poema

80 1093 135 1150 est
158 1094 236 1151 tum
263 1107 284 1150 a
311 1081 454 1151 mendis
484 1082 777 1178 typographicis,
801 1086 878 1148 tum
906 1102 927 1147 a
952 1073 1136 1146 scribendi
1162 1097 1271 1142 voca·

74 1195 166 1266 bula
192 1197 367 1267 nonnulla
396 1198 537 1270 ratione
564 1210 626 1266 aut
651 1197 735 1266 salsa
760 1195 964 1264 autminus
992 1203 1101 1261 recta.

179 1309 220 1380 ln
246 1311 504 1382 constituendo
530 1325 628 1382 textu
660 1312 755 1381 hanc
783 1311 936 1379 omnino
962 1309 1056 1378 viam
1093 1308 1271 1402 ingressis

77 1438 134 1495 est
156 1424 390 1520 Schlegelius‚
416 1440 455 1496 ut
477 1428 692 1522 scripturam
721 1439 902 1495 concentu
920 1425 1098 1493 librorum
1115 1423 1271 1516 scripto·

78 1564 160 1609 rum
187 1539 356 1611 traditam
376 1555 428 1610 ‘ct
464 1543 737 1612 scholiastarum
768 1540 980 1608 testimonio
1014 1537 1268 1608 confirmatam

77 1667 246 1725 accurate
272 1656 476 1749 exploraret
498 1671 535 1726 et
556 1657 725 1726 intactam
748 1656 985 1748 relinqueret,
1012 1667 1266 1748 praeterquam

77 1768 143 1838 ubi
182 1768 372 1839 manifesto
414 1773 608 1840 monstrari
654 1782 800 1864 posset,
844 1793 926 1838 eam
971 1792 1047 1838 esse
1087 1767 1267 1836 vitiosam.

79 1883 310 1952 Persuaserat
340 1885 437 1955 enirn
469 1887 557 1978 sibi,
594 1900 732 1956 textum
766 1885 848 1953 libri
884 1885 923 1953 in
958 1884 1130 1954 omnibus
1154 1881 1269 1976 parti-

79 1998 149 2067 bus
179 1999 378 2092 genuinum
422 2026 489 2071 nos
526 2001 684 2092 habere,
725 1999 844 2094 quatis
882 1999 927 2068 ab
964 1999 1122 2068 auctoris
1155 2021 1265 2066 manu

78 2111 264 2206 profectus
306 2105 361 2184 sit.
380 2115 432 2198 **)
490 2115 607 2211 ldque
647 2117 851 2207 verissime,
891 2127 932 2185 ut
958 2114 1132 2209 equidem
1169 2112 1267 2182 arbi·-

76 2238 165 2297 tror.
220 2225 426 2300 Concordia
454 2232 551 2301 euim
580 2235 828 2327 exemplorum
855 2229 893 2298 in
920 2231 1114 2325 scriptura,
1139 2230 1190 2321 si,
1213 2229 1266 2298 uti

74 2364 143 2433 par
168 2354 234 2433 est,
260 2344 357 2414 nulla
379 2346 471 2416 ratio
498 2347 654 2420 habetur
680 2348 897 2418 mendorum
927 2345 1219 2436 manifestorum,
1245 2366 1265 2413 a

75 2454 277 2526 scribarum
303 2459 445 2528 incuria
473 2461 547 2531 sire
574 2463 712 2534 inscitia
739 2462 1002 2552 oriundorum,
1030 2461 1186 2529 maxima
1213 2472 1266 2527 cst

77 2581 113 2637 et
139 2571 352 2642 testimonio
376 2589 624 2646 enarratorum
652 2579 736 2647 satis
757 2590 978 2649 vetustorum
1006 2599 1125 2669 neque
1153 2575 1265 2643 inter-

74 2697 180 2778 rupta
208 2687 300 2756 serie
326 2713 402 2758 sese
428 2692 699 2786 excipientium,
722 2693 759 2760 in
788 2715 944 2784 quorum
970 2690 1116 2763 scholiis
1133 2714 1263 2763 unum-

75 2798 256 2893 quodque
282 2800 356 2871 sere
386 2807 602 2875 vocabulum
638 2807 831 2900 repetitum
859 2819 896 2876 et
927 2807 1142 2899 explicatum
1174 2805 1265 2908 legi-

72 2925 153 3005 tur,
179 2917 297 3008 probe
320 2918 548 2991 confirmata.
603 2922 750 2992 Accedit
775 2922 943 2992 sanctitas
960 2921 1143 3011 carminis,
1169 2944 1265 3014 quac

73 3026 145 3097 iam
174 3031 375 3125 antiquitus
400 3045 541 3103 tantum
575 3036 673 3130 apud
700 3036 808 3107 Indos
841 3038 969 3128 valuit,
995 3049 1034 3111 ut
1057 3036 1177 3104 iocum
1205 3034 1264 3104 din

71 3143 218 3237 gnitatis
244 3149 525 3219 et‘auotoritatis
552 3152 736 3221 obtineret
764 3151 871 3222 haud
888 3152 1117 3242 interiorem,
1151 3174 1262 3244 quam

72 3255 156 3326 iibri
184 3260 274 3328 sacri
289 3314 305 3352 ,Ἴ
335 3287 428 3356 quos
455 3279 592 3358 quanta
622 3267 865 3337 sollicitudine
894 3281 930 3336 et
963 3265 1067 3337 anxia
1094 3290 1177 3335 cura
1206 3265 1266 3343 inu

72 3372 237 3443 coiumes
262 3379 509 3449 conservarint
533 3379 612 3451 Indi
621 3435 632 3474 7
660 3396 812 3452 constat.

173 3487 278 3577 Quae
304 3517 417 3585 quum
440 3495 488 3564 ita
515 3496 605 3588 sint,
631 3511 793 3592 apparet,
816 3497 852 3565 in
876 3494 1020 3564 edendo
1040 3495 1148 3586 libro,
1167 3521 1263 3589 quaa

75 3601 117 3671 tis
136 3616 192 3672 cst
209 3604 484 3702 Bhagavadgita‚
510 3622 565 3680 tot
586 3611 776 3709 praesidiis
799 3610 931 3680 criticis
948 3611 1137 3702 instructo,
1161 3609 1261 3686 haud

71 3748 375 3768 *oe-——n-—u—-b

173 3824 204 3911 *)
232 3829 364 3910 xvnr,
392 3832 448 3900 rs.
500 3828 597 3894 Arta·
622 3830 716 3896 rocus
743 3851 791 3897 esi
812 3834 870 3910 vr,
894 3832 950 3901 aa.
976 3832 1021 3923 ra
1044 3820 1067 3894 ὲ
1092 3856 1153 3922 pro
1174 3825 1257 3921 rau

72 3941 169 4006 Haud
198 3969 336 4033 prorsus
364 3963 452 4011 certa
473 3962 521 4008 est
541 3946 730 4012 emendatio
745 3947 835 4025 XVI,
854 3950 885 4015 2.
898 3942 1030 4013 πῖνῆῆῐέ
1041 3971 1103 4037 pro
1117 3942 1257 4038 ww,

170 4055 217 4141 **)
245 4058 358 4123 Verba
387 4059 567 4148 Schicgelii
597 4080 673 4126 sunt
699 4062 818 4152 p.2‘29
857 4065 952 4134 huius
979 4063 1033 4130 ed.
1085 4061 1181 4127 Idem
1208 4066 1257 4132 iu-

74 4169 195 4241 dicium
223 4174 286 4238 iarn
316 4175 350 4240 in
378 4176 516 4269 praefat.
543 4175 598 4244 ed.
626 4177 649 4243 Ι.
677 4176 802 4246 tulerat.
