2842 4636
587 183 837 248 SCHLEGELll.
1230 183 1308 242 xtv

109 368 268 463 quidem
308 391 479 458 sensum,
530 369 834 462 pronuntiatione
874 389 915 434 ea
959 365 1065 460 plane
1116 380 1208 455 sunt,
1250 366 1308 437 di-

110 485 254 553 stincta.
977 577 980 582 ι

209 599 363 694 Spiritus
395 596 513 666 finalis
548 599 653 667 variis
688 598 989 671 conversionibus
1023 610 1076 668 est
1111 598 1305 690 obnoxius,

111 740 206 809 quae
233 715 305 783 suis
332 737 501 807 quaeque
529 712 658 806 regulis
682 712 981 783 determinantur.
1020 710 1062 783 ld
1079 712 1200 784 solum
1216 714 1307 782 scri-

111 832 231 899 bentis
257 828 408 898 arbitrio
427 841 480 896 est
506 828 686 918 relictum,
710 841 750 896 ut
775 841 864 899 ante⁴
884 827 1157 899 sibilantesaut
1181 828 1304 898 locum

112 969 217 1012 sunm
245 943 337 1013 tueri
364 942 529 1037 spiritus,
555 954 617 1011 aut
642 943 678 1012 in
707 967 787 1013 eam
813 943 1040 1033 sibilantem,
1067 965 1140 1035 qua
1167 943 1304 1037 excipi-

111 1073 193 1150 tur,
220 1058 371 1127 transire
397 1058 521 1151 possit.

140 1217 142 1220 ⁴
217 1175 360 1243 Diversa
380 1187 433 1243 est
458 1175 513 1243 lex
535 1177 660 1268 puncti
686 1177 925 1271 superscripti
940 1177 1097 1271 (agroru),
1120 1174 1223 1271 quod
1242 1200 1307 1270 per

112 1290 273 1359 noralem
309 1287 518 1360 mutabilem
552 1293 691 1384 optime
726 1290 878 1377 deliniri.
904 1305 1076 1385 potestte
1096 1289 1138 1361 ld
1168 1298 1308 1363 mutare

85 1434 88 1439 ⁴
115 1430 188 1474 non
218 1405 301 1473 licet
329 1418 413 1474 ante
437 1405 572 1474 litteras
604 1406 801 1499 quasdam:
837 1407 1090 1496 semivocales,
1112 1407 1308 1478 sibilantes

113 1534 149 1588 et
183 1517 489 1612 adspirationem,
529 1533 614 1590 ante
652 1520 795 1592 vocales
828 1522 1031 1593 necessario
1067 1522 1306 1593 iu.ultimam

112 1634 282 1703 labialem
310 1635 551 1728 convertitur,
576 1648 661 1704 ante
684 1649 927 1719 consonantes
950 1635 1307 1730 quinque-ordinum

114 1763 175 1818 ant
200 1749 309 1818 scribi
345 1762 482 1843 potest,
508 1763 570 1818 aut
602 1750 764 1819 converti
792 1749 831 1819 in
856 1751 1014 1821 nasalem
1048 1752 1132 1821 eius„
1159 1749 1311 1844 ordinis,

115 1891 134 1935 a
163 1890 239 1959 quo
269 1865 456 1958 excipitur.
508 1864 547 1933 ln
575 1863 799 1935 editionibus
831 1865 1008 1934 librorum
1042 1865 1307 1936 Sanscritorum

116 1978 403 2049 Calcuttensibus
441 1981 664 2050 convertitur
708 1979 781 2049 lere
823 2004 968 2074 semper
1008 1981 1154 2076 spiritus
1193 1979 1309 2052 finatis

116 2109 198 2165 ante
226 2096 430 2186 sibilantes,
460 2109 496 2164 et
524 2110 700 2191 punctum
735 2098 1021 2191 superscriptum
1056 2110 1142 2166 ante
1176 2122 1310 2168 conso-

117 2225 245 2281 nantes
280 2212 428 2306 proprie
467 2213 520 2281 sic
557 2211 682 2281 dictas.
748 2212 854 2282 Hunc
892 2236 1040 2283 morem.
1074 2237 1308 2309 nequaquam

119 2339 320 2422 agnoscunt
342 2325 488 2396 codices
512 2327 638 2397 litteris
660 2326 936 2422 Devanagaricis
950 2327 1097 2419 exarati,
1122 2341 1310 2423 quotquot

118 2443 208 2510 mihi
234 2440 384 2535 quidem
414 2444 578 2512 evolvere
606 2442 748 2536 obtigit,
776 2455 824 2533 et,
852 2443 920 2513 nisi
948 2442 1061 2534 lallor,
1088 2467 1108 2511 e
1133 2442 1309 2536 scriptura

116 2556 306 2651 Bengalica
340 2557 369 2626 is
404 2558 548 2651 irrepsit
580 2557 617 2626 in
653 2557 966 2651 Devanagaricaur.
1015 2555 1308 2650 llepudiandnm

116 2671 262 2762 censui,
288 2672 464 2765 quoniam
492 2695 713 2765 niagnopere
749 2670 870 2740 obstat
901 2671 1121 2763 separationi
1149 2671 1309 2741 vocabu·
1348 2656 1350 2660 ,

115 2787 246 2858 lorum.
300 2787 415 2857 Habet
440 2801 477 2858 et
503 2787 576 2857 hoc
604 2783 844 2876 incommodi,
870 2783 973 2878 quod
996 2797 1109 2859 :notae
1132 2784 1307 2854 termina-

103 2903 257 2994 tiones,
285 2903 386 2996 qnasi
413 2903 520 2972 aliam
547 2900 703 2971 subinde
729 2923 923 2993 personam
943 2897 1309 2990 ›induentes„lecto·

116 3042 191 3086 rem
219 2997 342 3087 minus
374 3017 607 3086 exercitatum
637 3016 758 3108 specie
791 3009 958 3109 quadam⁴
976 3039 1077 3087 nora
1108 3027 1220 3108 atque
1248 3015 1308 3084 in·

117 3132 261 3228 cognita
287 3130 476 3203 deludunt.
530 3133 687 3211 Peccaut
711 3130 859 3217 librarii
875 3130 914 3215 in
932 3129 1121 3217 codicibus
1137 3131 1309 3224 Derane·-

115 3247 243 3341 gariois
267 3247 417 3316 alteram
443 3247 484 3317 in
510 3259 665 3339 partem,
684 3243 949 3339 quodputtcto
965 3245 1307 3339 {superscriptopro

117 3386 218 3431 mero
246 3362 446 3456 scripturae
473 3359 697 3454 compendio
726 3360 764 3434 ia
785 3360 870 3452 {ipsa
897 3360 1116 3454 simplicium
1145 3363 1308 3432 vocabu·

117 3475 233 3547 lorum
262 3501 417 3571 corpore
440 3477 657 3565 abutuntur,
682 3473 1040 3567 dnmscrilannteu.
1062 3499 1115 3569 gr·
1140 3476 1227 3545 stetit-
1237 3501 1308 3570 pro

116 3593 219 3684 rem,
244 3591 309 3661 nbi
336 3616 374 3661 re
400 3616 483 3665 vera
512 3615 586 3660 non
610 3590 793 3667 mutabilis
815 3601 874 3664 est
894 3589 1042 3680 tresalis,
1057 3587 1124 3659 sed
1145 3588 1308 3683 delinita,

119 3732 209 3801 quae
239 3729 429 3799 nunquam
450 3706 534 3777 loco
562 3731 627 3786 suo
642 3703 798 3776 moueri
817 3703 1000 3798 possita..
1154 3753 1159 3771 2

216 3823 391 3914 Princeps
418 3821 700 3916 orthographiae
726 3818 1106 3911 Sortpcritaa.leicest,¹
1138 3845 1307 3914 pronun-
1401 3875 1404 3881 .

119 3936 307 4005 tiationem
334 3960 443 4029 quam
470 3935 679 4005 fidelissime
706 3937 932 4028 exprimere„
970 3931 1042 4002 Sed
1073 3934 1234 4003 luserunt
1268 3934 1305 4002 in

122 4071 159 4118 ea
182 4047 360 4142 ludorum
388 4049 677 4144 grammaticiet
703 4047 919 4141 ineptasua:
939 4043 1128 4116 sedulitate
1153 4042 1201 4114 id·
1217 4045 1304 4114 elle-

123 4177 264 4256 cerunt,
290 4177 332 4235 ut
357 4187 464 4256 rem,
475 4188 549 4259 per
571 4187 608 4234 se
630 4161 896 4257 planissimam,
918 4159 1124 4232 intricatam
1152 4171 1187 4228 et
1213 4183 1308 4230 con-
