2856 4642
118 169 187 231 XVI
613 171 843 233 PRAEFATIO

119 357 317 446 Crldharae
347 380 459 452 opus3
487 358 667 427 enarratio
696 371 750 427 est
776 358 908 450 brevis,
935 358 1019 429 licet
1044 359 1128 429 satis
1152 363 1315 456 copiosa,

120 486 156 541 et
181 472 391 567 perspicua3
418 485 501 567 apte
520 471 701 544 enodatur
718 497 829 543 nexus
845 474 1121 566 sententiarum,
1146 491 1313 548 accurate

122 587 346 682 explicantur
381 589 576 681 vocabula,
609 612 704 684 quae
739 602 846 684 egent
879 589 1138 682 illustratione,
1172 591 1315 680 silentio

118 703 393 798 praetermissis,
420 703 555 799 quibus
582 729 658 774 nou
686 727 779 798 opus
806 718 869 775 est.
912 703 997 776 Sani
1023 718 1059 774 et
1082 707 1194 799 probi
1220 707 1317 778 iudi·

119 819 165 888 cii
205 819 383 914 interpres
425 833 478 888 est
515 817 706 907 (lrtdharas
749 843 871 914 neque
910 819 952 889 in
991 817 1258 914 disputationes
1298 847 1319 892 a

120 935 312 1029 proposito
339 934 475 1003 alienas
500 931 715 1028 digreditur.
772 933 854 1005 Non
886 934 1023 1004 minori
1054 933 1207 1030 dignum
1241 960 1316 1007 esse

119 1049 226 1119 laude
254 1049 330 1117 eius
356 1048 664 1118 commentarium
691 1047 729 1118 in
755 1047 1008 1143 Rhagavatam,
1029 1050 1130 1119 testis
1153 1063 1208 1120 est
1229 1052 1318 1125 Bua-

117 1187 270 1234 nourius.
287 1163 315 1246 *l

218 1281 365 1350 Praeter
383 1278 634 1374 apographum
661 1275 798 1348 codicis
819 1277 972 1348 Parisini
1000 1275 1047 1347 ad
1070 1303 1220 1350 manum
1246 1283 1317 1354 ha-

116 1395 197 1464 buit
213 1393 436 1489 Schlegelius
461 1392 559 1465 aliud
586 1394 770 1487 exemplar
794 1391 1040 1462 bibliothecae
1058 1394 1314 1468 Berolinensis.

217 1508 428 1579 Admodum
455 1508 618 1581 diversus
644 1533 665 1578 a
696 1507 871 1597 Cridhara
899 1521 952 1577 est
976 1508 1187 1579 scholiastes
1213 1513 1316 1607 alter,

117 1626 176 1696 cui
202 1649 340 1695 nomen
375 1637 428 1694 est
461 1624 724 1694 Mannusttnima
759 1622 979 1718 cognomine
1012 1622 1204 1716 Sensum,
1235 1646 1314 1721 quo

118 1742 297 1813 docemur
324 1765 408 1811 eum
431 1741 603 1811 asseclam
630 1738 736 1808 luisse
768 1751 886 1809 sectae
912 1736 1104 1826 Civaiticae
1126 1735 1321 1815 Dan'd'io·

117 1883 199 1929 rum
223 1857 296 1928 sire
321 1855 662 1946 Dapandmiorum,
689 1878 783 1949 quae
806 1878 826 1922 a
852 1852 1012 1942 Canlrara
1038 1853 1216 1949 originem
1245 1855 1320 1928 du-

118 1972 169 2041 xit
193 1985 230 2041 et
255 1970 460 2042 doctrinam
486 1968 721 2040 thtnticam
747 1968 950 2064 profitetur.
969 1969 1020 2056 **)

220 2086 424 2181 Discipulus
457 2085 523 2155 luit
547 2088 876 2173 thvtovanamnmr
910 2085 984 2155 sire
1008 2085 1324 2175 vatqmms***)

113 2284 418 2299 μ

117 2423 253 2492 tellecta
272 2422 378 2490 facilis
405 2448 542 2515 semper
568 2419 812 2488 consideranda
840 2440 888 2488 est
909 2449 927 2487 a
952 2424 1168 2515 sapientibus,
1196 2442 1316 2516 utpote

119 2567 205 2633 qua,
228 2539 308 2605 dum
336 2537 439 2606 modo
466 2540 596 2604 intento
621 2538 732 2603 animo
760 2536 906 2629 legatur,
933 2539 1009 2604 Gita
1036 2538 1254 2630 explicetur«

217 2655 389 2720 Brevitatis
417 2653 563 2720 studium
590 2653 684 2718 hisce
711 2651 830 2718 scholii
853 2652 896 2718 ad
909 2652 1003 2732 XIII,
1022 2655 1080 2724 19.
1102 2654 1214 2720 verbis
1232 2679 1311 2745 pro-

115 2769 229 2836 batur:
268 2757 822 2860 WWWWRIW
845 2765 1144 2860 ffwewffltttt'fit·
1174 2759 1307 2836 mitt

115 2884 231 2950 Verba
255 2883 631 2979 Wffffldesunt
622 2906 658 2945 m
685 2880 769 2948 cod
797 2885 869 2947 Par.

216 2996 246 3080 *)
273 2996 294 3062 l.
319 2997 343 3064 l.
367 3024 401 3089 p.
426 2998 558 3064 CLXV

200 3109 248 3193 ”l
275 3113 328 3176 De
361 3137 426 3203 qua
463 3128 552 3176 secta
595 3110 800 3176 consulenda
838 3132 887 3177 est
928 3113 1102 3203 praeclara
1133 3114 1308 3183 Wrtsoms

118 3225 307 3292 dissertatio
334 3226 378 3290 de
401 3229 503 3290 sectis
528 3224 663 3291 Indicis
685 3227 719 3289 in
746 3223 806 3294 As.
833 3225 909 3293 Res.
936 3228 1044 3307 XVII,
1069 3253 1103 3319 p.
1131 3228 1210 3296 181.

182 3337 247 3426 ***)
274 3342 419 3434 Utrique
452 3341 597 3406 nominis
623 3341 753 3406 formae
787 3341 943 3407 adiicitur
969 3367 1157 3434 cognomen
1183 3341 1311 3410 Suras-

117 3453 196 3521 ναεΐ.
248 3455 406 3521 Formam
431 3454 582 3547 priorem
610 3471 653 3534 et,
680 3455 744 3519 nisi
770 3453 880 3532 fallor,
906 3458 1071 3522 veriorem
1095 3456 1227 3549 profert
1243 3458 1312 3523 Co·

118 3593 344 3652 terracinus,
365 3569 510 3636 Miscell.
536 3570 667 3660 Essays
690 3569 715 3648 I,
737 3596 770 3661 p.
788 3570 869 3639 337.
922 3569 1039 3636 Altera
1065 3589 1171 3637 exstat
1196 3573 1232 3635 in
1257 3573 1312 3637 in-

116 3687 298 3777 scriptione
344 3688 573 3752 commentarii
615 3685 892 3753 Madhusddanae
935 3687 969 3750 in
1011 3684 1309 3778 Bhagavadgitam3

117 3825 202 3892 quae
228 3801 272 3865 ita
297 3824 334 3864 se
359 3799 477 3864 habet:
504 3798 559 3892 {Iit
582 3790 977 3892 alumnam-samm
1000 3791 1311 3892 ffirarffpapfflil·

114 3913 291 4098 Q
313 3904 586 4006 ᾗπξπῡηῖῦῖῆ
613 3932 675 3981 etc.
711 3918 750 3982 In
777 3915 903 4009 epilogi
930 3916 1056 3984 disat.
1083 3918 1179 3982 tertia
1203 3915 1312 3982 forma
