2842 4636
159 202 314 262 xxxvt·
414 192 642 259 paterano
672 193 905 257 cuutsTttNt
938 192 1112 255 LASSENl.

262 385 336 455 lam
364 408 449 454 vero
476 375 655 452 summam
683 379 1006 476 argumentationis
1031 374 1235 447 subducere
1258 373 1350 443 licet.

162 496 307 568 Certum
332 511 404 590 est,
429 498 555 567 vixisse
584 509 668 566 ante
691 495 887 584 §coleram
918 489 1200 587 Bhagavadgitae
1227 501 1354 558 aucto·

160 637 251 703 rem,
276 594 379 682 valde
399 610 604 702 verisimile,
629 611 862 680 vetustiorem
887 632 963 678 esse
982 600 1232 698 Badarajan‘a3
1259 617 1353 671 tem·

162 726 263 821 poris
287 725 540 816 intervallum,
567 749 641 819 quo
675 724 784 794 distat
808 723 948 817 primus
978 745 998 791 a
1031 718 1213 809 secundo,
1240 718 1303 786 bic
1334 740 1353 785 a

161 841 291 932 tertio,
316 853 482 910 accurate
507 839 604 909 liniri
632 839 772 932 nequit.
819 837 857 908 Si
874 837 1120 929 coniecturam
1148 834 1264 904 lacere
1292 858 1355 927 par

164 969 237 1047 est,
270 955 436 1050 quinque
471 953 544 1023 lere
578 953 729 1022 saeculis
751 965 834 1022 ante
861 951 1057 1040 Caularem
1087 949 1222 1026 editam
1249 948 1355 1017 luisse

163 1068 463 1164 Bhagavadgitam
489 1069 590 1138 lacile
616 1067 847 1138 crediderim.

150 1206 151 1211 ’
260 1182 301 1251 ln
328 1184 552 1277 praefatione
577 1183 710 1279 prioris
745 1182 917 1253 editionis
943 1181 992 1250 nil
1025 1177 1179 1268 mutavi,
1207 1175 1276 1245 nisi
1304 1199 1355 1266 ea,

163 1321 257 1393 quae
284 1295 640 1391 emendaverat·ipse
665 1297 895 1392 Schlegelius.

263 1409 335 1480 Sed
361 1411 451 1480 haec
478 1411 663 1480 hactenus.
704 1409 816 1500 Quod
840 1411 1021 1506 reliquum
1047 1423 1112 1499 est,
1139 1405 1355 1500 omnesqui

165 1524 265 1593 hisce
289 1525 438 1617 litteris,
464 1526 629 1621 meisque
655 1526 782 1597 studiis
810 1526 947 1617 lavent,
974 1525 1082 1596 etiam
1109 1537 1220 1618 atque
1248 1520 1356 1589 etiam

165 1663 273 1732 rogo,
311 1651 351 1708 ut
383 1662 425 1709 ca
456 1664 550 1734 quae
586 1665 651 1736 ego
683 1641 730 1710 .in
763 1641 837 1711 hoc
872 1641 967 1710 libro
1003 1637 1148 1707 edendo
1182 1633 1357 1730 praestiti,

165 1753 255 1824 boni
282 1756 482 1825 consulant.
535 1754 685 1826 Librum
716 1756 834 1850 ipsum
863 1756 892 1824 si
928 1752 1096 1824 laudibus
1131 1751 1223 1820 meis
1256 1773 1359 1818 com-

166 1867 401 1961 mendarem,
427 1869 540 1963 impie
567 1869 684 1939 lacere
710 1870 802 1940 mihi
829 1868 992 1960 viderer3
1020 1890 1140 1961 neque
1167 1865 1359 1959 qualicun-

169 2006 241 2077 que
283 1997 362 2078 eget
396 1981 717 2054 commendatione
756 2009 870 2080 opus,
905 1981 1132 2052 illustrissimi
1169 1978 1359 2073 Schlegelii

168 2097 318 2166 nomine
344 2099 540 2190 munitum,
563 2097 740 2193 quodque
767 2099 899 2169 merito
926 2121 968 2167 ac
995 2097 1073 2166 iure
1102 2094 1231 2164 ceteris
1257 2116 1364 2187 prae-

169 2210 272 2280 claris
297 2211 416 2281 variae
447 2225 483 2282 et
513 2212 700 2306 singularis
735 2213 943 2304 doctrinae,
968 2211 1103 2307 ingenii
1139 2207 1362 2279 solertissimi

172 2337 208 2393 et
233 2325 440 2418 acutissimi,
469 2325 593 2396 iudicii
625 2326 898 2422 prudentissimi
932 2339 969 2396 et
993 2324 1252 2418 castigatissimi
1281 2348 1365 2392 mo-

171 2439 357 2508 numentis
382 2455 666 2534 annumeratur,
702 2444 836 2537 quibus
860 2467 974 2538 quum
1002 2440 1098 2510 iuter
1123 2463 1185 2508 eos
1212 2437 1365 2510 Germa-

171 2579 302 2623 norum
331 2556 581 2651 coryphaeos,
608 2558 671 2653 qui
700 2556 856 2627 dimidio
878 2557 1014 2626 abhinc
1050 2553 1193 2625 saeculo
1230 2578 1365 2624 novum

170 2668 370 2739 litterarum
406 2695 533 2742 aevum
569 2672 817 2743 condiderunt
847 2685 884 2742 et
908 2670 1166 2765 sempiternam
1192 2668 1262 2737 sibi
1287 2669 1368 2762 glo-

170 2782 261 2852 riam
289 2808 565 2879 comparavere,
592 2787 888 2857 honestissimum
916 2787 1037 2855 locum
1062 2783 1131 2854 sibi
1158 2781 1369 2875 vindicavit,

171 2909 249 2966 tum
283 2899 422 2992 optime
455 2898 501 2969 de
532 2900 678 2973 lndicac
704 2901 929 2998 antiquitatis
954 2898 1082 2970 studiis
1109 2898 1147 2967 in
1173 2895 1370 2968 Germania

170 3023 281 3105 atque
316 3009 409 3080 adeo
450 3013 599 3084 ulterius
639 3015 869 3107 condendis,
905 3013 1154 3105 stabiliendis,
1192 3011 1370 3107 augendis

170 3138 314 3195 meruit.
1105 3129 1107 3132 ⁴

272 3317 411 3389 Dabam
440 3315 589 3388 Bonnae
615 3315 718 3388 XXII.
744 3319 914 3391 Octobris
940 3316 1190 3390 MDCCCXLV.
