<?xml version="1.0" encoding="UTF-8"?>
<!DOCTYPE html PUBLIC "-//W3C//DTD XHTML 1.0 Transitional//EN"
    "http://www.w3.org/TR/xhtml1/DTD/xhtml1-transitional.dtd">
<html xmlns="http://www.w3.org/1999/xhtml" xml:lang="en" lang="en">
 <head>
  <title>
</title>
<meta http-equiv="Content-Type" content="text/html;charset=utf-8" />
  <meta name='ocr-system' content='tesseract 3.04.00' />
  <meta name='ocr-capabilities' content='ocr_page ocr_carea ocr_par ocr_line ocrx_word'/>
</head>
<body>
  <div class='ocr_page' id='page_1' title='image "bhagavadgitaide00lassgoog_0057.png"; bbox 0 0 2842 4636; ppageno 0'>
   <div class='ocr_carea' id='block_1_1' title="bbox 590 230 1285 300">
    <p class='ocr_par' dir='ltr' id='par_1_1' title="bbox 590 230 1285 300">
     <span class='ocr_line' id='line_1_1' title="bbox 590 230 1285 300; baseline -0.012 -5"><span class='ocrx_word' id='word_1_1' title='bbox 590 230 837 295; x_wconf 74' lang='lat' dir='ltr'>scuruoetu.</span> <span class='ocrx_word' id='word_1_2' title='bbox 1216 238 1285 300; x_wconf 80' lang='grc' dir='ltr'><strong>ιιιι</strong></span> 
     </span>
    </p>
   </div>
   <div class='ocr_carea' id='block_1_2' title="bbox 93 412 1301 3965">
    <p class='ocr_par' dir='ltr' id='par_1_2' title="bbox 93 412 1299 2239">
     <span class='ocr_line' id='line_1_2' title="bbox 93 412 1287 514; baseline 0.012 -30"><span class='ocrx_word' id='word_1_3' title='bbox 93 412 246 485; x_wconf 87' lang='lat' dir='ltr'>trudunt</span> <span class='ocrx_word' id='word_1_4' title='bbox 291 416 396 509; x_wconf 89' lang='lat' dir='ltr'>mihi,</span> <span class='ocrx_word' id='word_1_5' title='bbox 424 431 463 488; x_wconf 92' lang='lat' dir='ltr'>ut</span> <span class='ocrx_word' id='word_1_6' title='bbox 486 418 557 488; x_wconf 91' lang='lat' dir='ltr'>hoc</span> <span class='ocrx_word' id='word_1_7' title='bbox 584 420 820 514; x_wconf 75' lang='lat' dir='ltr'><strong>praecipiam,</strong></span> <span class='ocrx_word' id='word_1_8' title='bbox 846 419 1106 492; x_wconf 86' lang='lat' dir='ltr'>vetustissimus</span> <span class='ocrx_word' id='word_1_9' title='bbox 1133 421 1287 498; x_wconf 84' lang='lat' dir='ltr'>ridetur.</span> 
     </span>
     <span class='ocr_line' id='line_1_3' title="bbox 95 529 1288 634; baseline 0.008 -34"><span class='ocrx_word' id='word_1_10' title='bbox 95 530 181 600; x_wconf 85' lang='lat' dir='ltr'>Sine</span> <span class='ocrx_word' id='word_1_11' title='bbox 208 529 321 601; x_wconf 91' lang='lat' dir='ltr'>dubio</span> <span class='ocrx_word' id='word_1_12' title='bbox 356 531 459 604; x_wconf 83' lang='lat' dir='ltr'>valde</span> <span class='ocrx_word' id='word_1_13' title='bbox 494 534 645 627; x_wconf 89' lang='lat' dir='ltr'>antiqua</span> <span class='ocrx_word' id='word_1_14' title='bbox 672 534 738 604; x_wconf 85' lang='lat' dir='ltr'>luit</span> <span class='ocrx_word' id='word_1_15' title='bbox 770 533 866 629; x_wconf 91' lang='lat' dir='ltr'>apud</span> <span class='ocrx_word' id='word_1_16' title='bbox 894 532 1004 605; x_wconf 87' lang='lat' dir='ltr'>ludos</span> <span class='ocrx_word' id='word_1_17' title='bbox 1029 536 1288 634; x_wconf 80' lang='lat' dir='ltr'>philosophiae</span> 
     </span>
     <span class='ocr_line' id='line_1_4' title="bbox 98 647 1289 744; baseline 0.007 -27"><span class='ocrx_word' id='word_1_18' title='bbox 98 649 208 744; x_wconf 85' lang='lat' dir='ltr'>origo.</span> <span class='ocrx_word' id='word_1_19' title='bbox 264 647 434 719; x_wconf 74' lang='lat' dir='ltr'>Narratur</span> <span class='ocrx_word' id='word_1_20' title='bbox 459 648 496 716; x_wconf 94' lang='lat' dir='ltr'>in</span> <span class='ocrx_word' id='word_1_21' title='bbox 524 647 717 741; x_wconf 83' lang='lat' dir='ltr'>llame&#39;r&#39;de,</span> <span class='ocrx_word' id='word_1_22' title='bbox 750 649 786 718; x_wconf 92' lang='lat' dir='ltr'>in</span> <span class='ocrx_word' id='word_1_23' title='bbox 822 648 1048 719; x_wconf 89' lang='lat' dir='ltr'>sanctissimo</span> <span class='ocrx_word' id='word_1_24' title='bbox 1083 651 1143 721; x_wconf 94' lang='lat' dir='ltr'>illo</span> <span class='ocrx_word' id='word_1_25' title='bbox 1177 654 1289 724; x_wconf 88' lang='lat' dir='ltr'>sacri-</span> 
     </span>
     <span class='ocr_line' id='line_1_5' title="bbox 97 761 1291 859; baseline 0.007 -27"><span class='ocrx_word' id='word_1_26' title='bbox 97 761 203 856; x_wconf 82' lang='lat' dir='ltr'>ficio,</span> <span class='ocrx_word' id='word_1_27' title='bbox 230 765 316 859; x_wconf 87' lang='lat' dir='ltr'>equi</span> <span class='ocrx_word' id='word_1_28' title='bbox 349 763 621 855; x_wconf 76' lang='lat' dir='ltr'>immolatione,</span> <span class='ocrx_word' id='word_1_29' title='bbox 653 762 754 859; x_wconf 88' lang='lat' dir='ltr'>quod</span> <span class='ocrx_word' id='word_1_30' title='bbox 788 789 848 833; x_wconf 82' lang='lat' dir='ltr'>rex</span> <span class='ocrx_word' id='word_1_31' title='bbox 879 764 1094 851; x_wconf 77' lang='lat' dir='ltr'>Dacarathas</span> <span class='ocrx_word' id='word_1_32' title='bbox 1129 769 1291 841; x_wconf 89' lang='lat' dir='ltr'>celebra·</span> 
     </span>
     <span class='ocr_line' id='line_1_6' title="bbox 100 879 1292 974; baseline 0.003 -25"><span class='ocrx_word' id='word_1_33' title='bbox 100 880 162 972; x_wconf 87' lang='lat' dir='ltr'>rit,</span> <span class='ocrx_word' id='word_1_34' title='bbox 188 894 229 950; x_wconf 89' lang='lat' dir='ltr'>ut</span> <span class='ocrx_word' id='word_1_35' title='bbox 250 879 344 948; x_wconf 85' lang='lat' dir='ltr'>filios</span> <span class='ocrx_word' id='word_1_36' title='bbox 370 880 441 948; x_wconf 89' lang='lat' dir='ltr'>sihi</span> <span class='ocrx_word' id='word_1_37' title='bbox 466 902 486 947; x_wconf 88' lang='lat' dir='ltr'>a</span> <span class='ocrx_word' id='word_1_38' title='bbox 511 879 623 948; x_wconf 88' lang='lat' dir='ltr'>Deum</span> <span class='ocrx_word' id='word_1_39' title='bbox 647 880 804 949; x_wconf 91' lang='lat' dir='ltr'>concilio</span> <span class='ocrx_word' id='word_1_40' title='bbox 824 893 1020 974; x_wconf 71' lang='lat' dir='ltr'><strong>expeteret,</strong></span> <span class='ocrx_word' id='word_1_41' title='bbox 1046 882 1292 955; x_wconf 87' lang='lat' dir='ltr'>Brachmanos</span> 
     </span>
     <span class='ocr_line' id='line_1_7' title="bbox 100 993 1293 1090; baseline 0.005 -26"><span class='ocrx_word' id='word_1_42' title='bbox 100 1009 183 1089; x_wconf 91' lang='lat' dir='ltr'>post</span> <span class='ocrx_word' id='word_1_43' title='bbox 206 996 412 1065; x_wconf 88' lang='lat' dir='ltr'>convivium</span> <span class='ocrx_word' id='word_1_44' title='bbox 441 993 487 1063; x_wconf 90' lang='lat' dir='ltr'>de</span> <span class='ocrx_word' id='word_1_45' title='bbox 509 995 712 1065; x_wconf 89' lang='lat' dir='ltr'>rationibus</span> <span class='ocrx_word' id='word_1_46' title='bbox 738 995 1005 1090; x_wconf 82' lang='lat' dir='ltr'>philosophicis</span> <span class='ocrx_word' id='word_1_47' title='bbox 1031 998 1125 1067; x_wconf 92' lang='lat' dir='ltr'>iuter</span> <span class='ocrx_word' id='word_1_48' title='bbox 1143 1023 1182 1068; x_wconf 90' lang='lat' dir='ltr'>se</span> <span class='ocrx_word' id='word_1_49' title='bbox 1201 1023 1293 1069; x_wconf 91' lang='lat' dir='ltr'>con-</span> 
     </span>
     <span class='ocr_line' id='line_1_8' title="bbox 99 1108 1294 1207; baseline 0.004 -27"><span class='ocrx_word' id='word_1_50' title='bbox 99 1123 253 1206; x_wconf 83' lang='lat' dir='ltr'><strong>certasse</strong></span> <span class='ocrx_word' id='word_1_51' title='bbox 280 1108 399 1193; x_wconf 78' lang='lat' dir='ltr'>(Rclm.</span> <span class='ocrx_word' id='word_1_52' title='bbox 427 1109 453 1177; x_wconf 88' lang='lat' dir='ltr'>l.</span> <span class='ocrx_word' id='word_1_53' title='bbox 481 1134 511 1180; x_wconf 93' lang='lat' dir='ltr'>c.</span> <span class='ocrx_word' id='word_1_54' title='bbox 544 1114 602 1203; x_wconf 72' lang='grc'>12,</span> <span class='ocrx_word' id='word_1_55' title='bbox 630 1110 674 1197; x_wconf 78' lang='lat' dir='ltr'>cl.</span> <span class='ocrx_word' id='word_1_56' title='bbox 699 1111 923 1197; x_wconf 74' lang='lat'>23—25).*)</span> <span class='ocrx_word' id='word_1_57' title='bbox 963 1109 1075 1199; x_wconf 87' lang='lat' dir='ltr'>Quod</span> <span class='ocrx_word' id='word_1_58' title='bbox 1101 1113 1129 1182; x_wconf 93' lang='lat' dir='ltr'>si</span> <span class='ocrx_word' id='word_1_59' title='bbox 1154 1116 1294 1207; x_wconf 89' lang='lat' dir='ltr'>omnia,</span> 
     </span>
     <span class='ocr_line' id='line_1_9' title="bbox 101 1223 1295 1325; baseline 0.007 -32"><span class='ocrx_word' id='word_1_60' title='bbox 101 1248 196 1320; x_wconf 88' lang='lat' dir='ltr'>quae</span> <span class='ocrx_word' id='word_1_61' title='bbox 222 1223 268 1294; x_wconf 91' lang='lat' dir='ltr'>ad</span> <span class='ocrx_word' id='word_1_62' title='bbox 301 1227 435 1294; x_wconf 86' lang='lat' dir='ltr'>cultum</span> <span class='ocrx_word' id='word_1_63' title='bbox 463 1225 699 1295; x_wconf 88' lang='lat' dir='ltr'>humanitatis</span> <span class='ocrx_word' id='word_1_64' title='bbox 728 1238 912 1321; x_wconf 89' lang='lat' dir='ltr'>spectant,</span> <span class='ocrx_word' id='word_1_65' title='bbox 946 1226 1052 1321; x_wconf 87' lang='lat' dir='ltr'>longe</span> <span class='ocrx_word' id='word_1_66' title='bbox 1085 1228 1295 1325; x_wconf 85' lang='lat' dir='ltr'>antiquiora</span> 
     </span>
     <span class='ocr_line' id='line_1_10' title="bbox 100 1339 1295 1436; baseline 0.005 -28"><span class='ocrx_word' id='word_1_67' title='bbox 100 1339 199 1433; x_wconf 91' lang='lat' dir='ltr'>apud</span> <span class='ocrx_word' id='word_1_68' title='bbox 234 1339 343 1410; x_wconf 91' lang='lat' dir='ltr'>lndos</span> <span class='ocrx_word' id='word_1_69' title='bbox 374 1354 410 1410; x_wconf 94' lang='lat' dir='ltr'>et</span> <span class='ocrx_word' id='word_1_70' title='bbox 443 1340 661 1435; x_wconf 78' lang='lat' dir='ltr'>Aegyptios,</span> <span class='ocrx_word' id='word_1_71' title='bbox 700 1365 810 1436; x_wconf 92' lang='lat' dir='ltr'>quam</span> <span class='ocrx_word' id='word_1_72' title='bbox 847 1340 944 1435; x_wconf 91' lang='lat' dir='ltr'>apud</span> <span class='ocrx_word' id='word_1_73' title='bbox 976 1341 1154 1436; x_wconf 89' lang='lat' dir='ltr'>Graecos,</span> <span class='ocrx_word' id='word_1_74' title='bbox 1188 1343 1295 1415; x_wconf 85' lang='lat' dir='ltr'>luisse</span> 
     </span>
     <span class='ocr_line' id='line_1_11' title="bbox 103 1454 1296 1550; baseline 0.005 -27"><span class='ocrx_word' id='word_1_75' title='bbox 103 1468 262 1524; x_wconf 89' lang='lat' dir='ltr'>constat:</span> <span class='ocrx_word' id='word_1_76' title='bbox 290 1454 419 1549; x_wconf 89' lang='lat' dir='ltr'>quidni</span> <span class='ocrx_word' id='word_1_77' title='bbox 447 1456 514 1524; x_wconf 91' lang='lat' dir='ltr'>illis</span> <span class='ocrx_word' id='word_1_78' title='bbox 534 1457 775 1550; x_wconf 82' lang='lat' dir='ltr'>Pythagoram</span> <span class='ocrx_word' id='word_1_79' title='bbox 793 1481 896 1525; x_wconf 91' lang='lat' dir='ltr'>suum</span> <span class='ocrx_word' id='word_1_80' title='bbox 922 1456 975 1525; x_wconf 87' lang='lat' dir='ltr'>rel</span> <span class='ocrx_word' id='word_1_81' title='bbox 996 1458 1182 1528; x_wconf 83' lang='lat' dir='ltr'>Platonem</span> <span class='ocrx_word' id='word_1_82' title='bbox 1204 1482 1296 1529; x_wconf 91' lang='lat' dir='ltr'>con-</span> 
     </span>
     <span class='ocr_line' id='line_1_12' title="bbox 103 1567 1297 1666; baseline 0.003 -29"><span class='ocrx_word' id='word_1_83' title='bbox 103 1567 275 1639; x_wconf 87' lang='lat' dir='ltr'>cedamus</span> <span class='ocrx_word' id='word_1_84' title='bbox 301 1571 423 1640; x_wconf 91' lang='lat' dir='ltr'>multis</span> <span class='ocrx_word' id='word_1_85' title='bbox 449 1572 599 1641; x_wconf 88' lang='lat' dir='ltr'>saeculis</span> <span class='ocrx_word' id='word_1_86' title='bbox 624 1584 726 1662; x_wconf 88' lang='lat' dir='ltr'>ante,</span> <span class='ocrx_word' id='word_1_87' title='bbox 753 1596 862 1665; x_wconf 88' lang='lat' dir='ltr'>quam</span> <span class='ocrx_word' id='word_1_88' title='bbox 891 1570 952 1663; x_wconf 87' lang='lat' dir='ltr'>hi,</span> <span class='ocrx_word' id='word_1_89' title='bbox 976 1596 1070 1666; x_wconf 89' lang='lat' dir='ltr'>quos</span> <span class='ocrx_word' id='word_1_90' title='bbox 1096 1573 1297 1665; x_wconf 87' lang='lat' dir='ltr'>nominavi,</span> 
     </span>
     <span class='ocr_line' id='line_1_13' title="bbox 103 1683 1296 1782; baseline 0.003 -30"><span class='ocrx_word' id='word_1_91' title='bbox 103 1683 337 1779; x_wconf 75' lang='lat' dir='ltr'>philosophi,</span> <span class='ocrx_word' id='word_1_92' title='bbox 372 1699 408 1755; x_wconf 91' lang='lat' dir='ltr'>et</span> <span class='ocrx_word' id='word_1_93' title='bbox 442 1686 510 1780; x_wconf 85' lang='lat' dir='ltr'>ipsi</span> <span class='ocrx_word' id='word_1_94' title='bbox 545 1684 776 1755; x_wconf 87' lang='lat' dir='ltr'>sacerdotum</span> <span class='ocrx_word' id='word_1_95' title='bbox 813 1686 1069 1780; x_wconf 78' lang='lat' dir='ltr'>Aegyptiorum</span> <span class='ocrx_word' id='word_1_96' title='bbox 1106 1686 1296 1782; x_wconf 88' lang='lat' dir='ltr'>disciplina</span> 
     </span>
     <span class='ocr_line' id='line_1_14' title="bbox 105 1798 1295 1891; baseline 0.003 -25"><span class='ocrx_word' id='word_1_97' title='bbox 105 1798 250 1891; x_wconf 86' lang='lat' dir='ltr'>imbuti,</span> <span class='ocrx_word' id='word_1_98' title='bbox 274 1802 309 1868; x_wconf 93' lang='lat' dir='ltr'>in</span> <span class='ocrx_word' id='word_1_99' title='bbox 337 1799 486 1870; x_wconf 84' lang='lat' dir='ltr'>Graecia</span> <span class='ocrx_word' id='word_1_100' title='bbox 512 1801 709 1869; x_wconf 68' lang='lat' dir='ltr'>florerent?</span> <span class='ocrx_word' id='word_1_101' title='bbox 748 1799 820 1869; x_wconf 86' lang='lat' dir='ltr'>Sed</span> <span class='ocrx_word' id='word_1_102' title='bbox 846 1801 938 1869; x_wconf 90' lang='lat' dir='ltr'>haec</span> <span class='ocrx_word' id='word_1_103' title='bbox 956 1801 1092 1871; x_wconf 90' lang='lat' dir='ltr'>obiter:</span> <span class='ocrx_word' id='word_1_104' title='bbox 1120 1824 1176 1872; x_wconf 86' lang='lat' dir='ltr'>res</span> <span class='ocrx_word' id='word_1_105' title='bbox 1197 1803 1295 1871; x_wconf 90' lang='lat' dir='ltr'>enim</span> 
     </span>
     <span class='ocr_line' id='line_1_15' title="bbox 103 1915 1299 2011; baseline 0.004 -29"><span class='ocrx_word' id='word_1_106' title='bbox 103 1915 343 1984; x_wconf 85' lang='lat' dir='ltr'>strictioribus</span> <span class='ocrx_word' id='word_1_107' title='bbox 368 1917 600 2010; x_wconf 79' lang='lat' dir='ltr'>argumentis,</span> <span class='ocrx_word' id='word_1_108' title='bbox 627 1929 704 1985; x_wconf 93' lang='lat' dir='ltr'>tum</span> <span class='ocrx_word' id='word_1_109' title='bbox 733 1940 752 1985; x_wconf 92' lang='lat' dir='ltr'>e</span> <span class='ocrx_word' id='word_1_110' title='bbox 779 1916 950 1986; x_wconf 87' lang='lat' dir='ltr'>carminis</span> <span class='ocrx_word' id='word_1_111' title='bbox 976 1917 1088 2011; x_wconf 89' lang='lat' dir='ltr'>ipsius</span> <span class='ocrx_word' id='word_1_112' title='bbox 1110 1916 1235 1988; x_wconf 90' lang='lat' dir='ltr'>indole</span> <span class='ocrx_word' id='word_1_113' title='bbox 1262 1932 1299 1987; x_wconf 91' lang='lat' dir='ltr'>et</span> 
     </span>
     <span class='ocr_line' id='line_1_16' title="bbox 106 2028 1298 2128; baseline 0.006 -32"><span class='ocrx_word' id='word_1_114' title='bbox 106 2028 206 2119; x_wconf 90' lang='lat' dir='ltr'>stilo,</span> <span class='ocrx_word' id='word_1_115' title='bbox 236 2041 313 2097; x_wconf 89' lang='lat' dir='ltr'>tum</span> <span class='ocrx_word' id='word_1_116' title='bbox 342 2054 383 2098; x_wconf 86' lang='lat' dir='ltr'>ex</span> <span class='ocrx_word' id='word_1_117' title='bbox 419 2031 586 2099; x_wconf 83' lang='lat' dir='ltr'>universa</span> <span class='ocrx_word' id='word_1_118' title='bbox 624 2030 841 2126; x_wconf 82' lang='lat' dir='ltr'>religionum</span> <span class='ocrx_word' id='word_1_119' title='bbox 870 2055 912 2102; x_wconf 88' lang='lat' dir='ltr'>ac</span> <span class='ocrx_word' id='word_1_120' title='bbox 946 2030 1205 2128; x_wconf 89' lang='lat' dir='ltr'>philosophiae</span> <span class='ocrx_word' id='word_1_121' title='bbox 1230 2058 1298 2128; x_wconf 90' lang='lat' dir='ltr'>per</span> 
     </span>
     <span class='ocr_line' id='line_1_17' title="bbox 105 2140 952 2239; baseline 0.005 -31"><span class='ocrx_word' id='word_1_122' title='bbox 105 2140 245 2212; x_wconf 82' lang='lat' dir='ltr'>lodium</span> <span class='ocrx_word' id='word_1_123' title='bbox 270 2143 421 2214; x_wconf 89' lang='lat' dir='ltr'>historia</span> <span class='ocrx_word' id='word_1_124' title='bbox 443 2144 587 2239; x_wconf 89' lang='lat' dir='ltr'>petitis,</span> <span class='ocrx_word' id='word_1_125' title='bbox 615 2146 686 2214; x_wconf 89' lang='lat' dir='ltr'>erit</span> <span class='ocrx_word' id='word_1_126' title='bbox 711 2144 952 2216; x_wconf 88' lang='lat' dir='ltr'>conlicieoda.</span> 
     </span>
    </p>

    <p class='ocr_par' dir='ltr' id='par_1_3' title="bbox 106 2258 1299 2816">
     <span class='ocr_line' id='line_1_18' title="bbox 203 2258 1299 2356; baseline 0.005 -29"><span class='ocrx_word' id='word_1_127' title='bbox 203 2259 390 2330; x_wconf 86' lang='lat' dir='ltr'>Eiusmodi</span> <span class='ocrx_word' id='word_1_128' title='bbox 418 2260 525 2354; x_wconf 89' lang='lat' dir='ltr'>igitur</span> <span class='ocrx_word' id='word_1_129' title='bbox 550 2262 876 2353; x_wconf 89' lang='lat' dir='ltr'>commentarium,</span> <span class='ocrx_word' id='word_1_130' title='bbox 903 2287 978 2356; x_wconf 94' lang='lat' dir='ltr'>quo</span> <span class='ocrx_word' id='word_1_131' title='bbox 1008 2258 1299 2356; x_wconf 86' lang='lat' dir='ltr'>Bhagavad-Glta</span> 
     </span>
     <span class='ocr_line' id='line_1_19' title="bbox 106 2372 1299 2471; baseline 0.005 -30"><span class='ocrx_word' id='word_1_132' title='bbox 106 2372 372 2469; x_wconf 83' lang='lat' dir='ltr'>mythologice,</span> <span class='ocrx_word' id='word_1_133' title='bbox 415 2375 608 2468; x_wconf 89' lang='lat' dir='ltr'>historice,</span> <span class='ocrx_word' id='word_1_134' title='bbox 643 2376 901 2471; x_wconf 90' lang='lat' dir='ltr'>philosophice</span> <span class='ocrx_word' id='word_1_135' title='bbox 942 2377 1155 2467; x_wconf 88' lang='lat' dir='ltr'>illustretur,</span> <span class='ocrx_word' id='word_1_136' title='bbox 1190 2375 1299 2447; x_wconf 90' lang='lat' dir='ltr'>edere</span> 
     </span>
     <span class='ocr_line' id='line_1_20' title="bbox 106 2485 1297 2584; baseline 0.006 -29"><span class='ocrx_word' id='word_1_137' title='bbox 106 2485 272 2580; x_wconf 83' lang='lat' dir='ltr'>decrevi,</span> <span class='ocrx_word' id='word_1_138' title='bbox 306 2490 579 2584; x_wconf 89' lang='lat' dir='ltr'>quamprimum</span> <span class='ocrx_word' id='word_1_139' title='bbox 616 2491 692 2560; x_wconf 91' lang='lat' dir='ltr'>eius</span> <span class='ocrx_word' id='word_1_140' title='bbox 729 2490 988 2562; x_wconf 89' lang='lat' dir='ltr'>conscribendi</span> <span class='ocrx_word' id='word_1_141' title='bbox 1021 2492 1168 2563; x_wconf 80' lang='lat' dir='ltr'>facultas</span> <span class='ocrx_word' id='word_1_142' title='bbox 1205 2492 1297 2562; x_wconf 90' lang='lat' dir='ltr'>mihi</span> 
     </span>
     <span class='ocr_line' id='line_1_21' title="bbox 107 2604 1299 2700; baseline 0.005 -30"><span class='ocrx_word' id='word_1_143' title='bbox 107 2625 278 2672; x_wconf 88' lang='lat' dir='ltr'>concessa</span> <span class='ocrx_word' id='word_1_144' title='bbox 307 2604 432 2698; x_wconf 84' lang='lat' dir='ltr'>luerit3</span> <span class='ocrx_word' id='word_1_145' title='bbox 469 2619 504 2675; x_wconf 91' lang='lat' dir='ltr'>ct</span> <span class='ocrx_word' id='word_1_146' title='bbox 536 2619 624 2676; x_wconf 90' lang='lat' dir='ltr'>tunc</span> <span class='ocrx_word' id='word_1_147' title='bbox 660 2605 809 2676; x_wconf 89' lang='lat' dir='ltr'>demum</span> <span class='ocrx_word' id='word_1_148' title='bbox 843 2607 944 2675; x_wconf 89' lang='lat' dir='ltr'>omni</span> <span class='ocrx_word' id='word_1_149' title='bbox 979 2630 1020 2675; x_wconf 83' lang='lat' dir='ltr'>ex</span> <span class='ocrx_word' id='word_1_150' title='bbox 1053 2620 1158 2700; x_wconf 89' lang='lat' dir='ltr'>parte</span> <span class='ocrx_word' id='word_1_151' title='bbox 1184 2608 1299 2676; x_wconf 89' lang='lat' dir='ltr'>inter-</span> 
     </span>
     <span class='ocr_line' id='line_1_22' title="bbox 106 2717 1001 2816; baseline 0.004 -32"><span class='ocrx_word' id='word_1_152' title='bbox 106 2717 219 2810; x_wconf 88' lang='lat' dir='ltr'>pretis</span> <span class='ocrx_word' id='word_1_153' title='bbox 247 2744 396 2790; x_wconf 91' lang='lat' dir='ltr'>munere</span> <span class='ocrx_word' id='word_1_154' title='bbox 426 2744 485 2789; x_wconf 90' lang='lat' dir='ltr'>me</span> <span class='ocrx_word' id='word_1_155' title='bbox 513 2720 724 2792; x_wconf 80' lang='lat' dir='ltr'>defunctum</span> <span class='ocrx_word' id='word_1_156' title='bbox 750 2745 825 2790; x_wconf 89' lang='lat' dir='ltr'>esse</span> <span class='ocrx_word' id='word_1_157' title='bbox 850 2722 1001 2816; x_wconf 90' lang='lat' dir='ltr'>putabo.</span> 
     </span>
    </p>

    <p class='ocr_par' dir='ltr' id='par_1_4' title="bbox 106 2832 1301 3965">
     <span class='ocr_line' id='line_1_23' title="bbox 206 2832 1300 2931; baseline 0 -28"><span class='ocrx_word' id='word_1_158' title='bbox 206 2834 302 2904; x_wconf 88' lang='lat' dir='ltr'>Haec</span> <span class='ocrx_word' id='word_1_159' title='bbox 327 2835 400 2904; x_wconf 88' lang='lat' dir='ltr'>lere</span> <span class='ocrx_word' id='word_1_160' title='bbox 423 2851 526 2906; x_wconf 90' lang='lat' dir='ltr'>erant</span> <span class='ocrx_word' id='word_1_161' title='bbox 551 2838 766 2931; x_wconf 89' lang='lat' dir='ltr'>praecipua,</span> <span class='ocrx_word' id='word_1_162' title='bbox 793 2861 888 2930; x_wconf 90' lang='lat' dir='ltr'>quac</span> <span class='ocrx_word' id='word_1_163' title='bbox 915 2832 1189 2931; x_wconf 88' lang='lat' dir='ltr'>praemonenda</span> <span class='ocrx_word' id='word_1_164' title='bbox 1213 2858 1300 2904; x_wconf 87' lang='lat' dir='ltr'>con-</span> 
     </span>
     <span class='ocr_line' id='line_1_24' title="bbox 106 2948 1299 3046; baseline 0.002 -29"><span class='ocrx_word' id='word_1_165' title='bbox 106 2972 237 3018; x_wconf 91' lang='lat' dir='ltr'>serem.</span> <span class='ocrx_word' id='word_1_166' title='bbox 275 2950 392 3020; x_wconf 88' lang='lat' dir='ltr'>Unum</span> <span class='ocrx_word' id='word_1_167' title='bbox 420 2966 593 3046; x_wconf 85' lang='lat' dir='ltr'>superest.</span> <span class='ocrx_word' id='word_1_168' title='bbox 630 2953 881 3046; x_wconf 90' lang='lat' dir='ltr'>lllagistrorum</span> <span class='ocrx_word' id='word_1_169' title='bbox 899 2950 1100 3022; x_wconf 89' lang='lat' dir='ltr'>reverentia</span> <span class='ocrx_word' id='word_1_170' title='bbox 1123 2948 1299 3019; x_wconf 90' lang='lat' dir='ltr'>aBraeh-</span> 
     </span>
     <span class='ocr_line' id='line_1_25' title="bbox 106 3062 1299 3161; baseline 0.002 -29"><span class='ocrx_word' id='word_1_171' title='bbox 106 3064 225 3134; x_wconf 87' lang='lat' dir='ltr'>manis</span> <span class='ocrx_word' id='word_1_172' title='bbox 251 3064 346 3134; x_wconf 93' lang='lat' dir='ltr'>inter</span> <span class='ocrx_word' id='word_1_173' title='bbox 371 3066 593 3136; x_wconf 90' lang='lat' dir='ltr'>sanctissima</span> <span class='ocrx_word' id='word_1_174' title='bbox 619 3067 764 3161; x_wconf 91' lang='lat' dir='ltr'>pietatis</span> <span class='ocrx_word' id='word_1_175' title='bbox 791 3064 911 3136; x_wconf 82' lang='lat' dir='ltr'>ollicia</span> <span class='ocrx_word' id='word_1_176' title='bbox 933 3064 1097 3134; x_wconf 82' lang='lat' dir='ltr'>refertur.</span> <span class='ocrx_word' id='word_1_177' title='bbox 1155 3062 1195 3133; x_wconf 92' lang='lat' dir='ltr'>ln</span> <span class='ocrx_word' id='word_1_178' title='bbox 1223 3088 1299 3160; x_wconf 93' lang='lat' dir='ltr'>quo</span> 
     </span>
     <span class='ocr_line' id='line_1_26' title="bbox 106 3178 1299 3275; baseline 0.001 -27"><span class='ocrx_word' id='word_1_179' title='bbox 106 3180 215 3272; x_wconf 88' lang='lat' dir='ltr'>plane</span> <span class='ocrx_word' id='word_1_180' title='bbox 242 3204 301 3249; x_wconf 91' lang='lat' dir='ltr'>me</span> <span class='ocrx_word' id='word_1_181' title='bbox 328 3180 467 3250; x_wconf 93' lang='lat' dir='ltr'>habent</span> <span class='ocrx_word' id='word_1_182' title='bbox 498 3179 686 3250; x_wconf 89' lang='lat' dir='ltr'>doetrinae</span> <span class='ocrx_word' id='word_1_183' title='bbox 719 3205 804 3250; x_wconf 88' lang='lat' dir='ltr'>suae</span> <span class='ocrx_word' id='word_1_184' title='bbox 830 3194 1068 3271; x_wconf 89' lang='lat' dir='ltr'>sectatorem,</span> <span class='ocrx_word' id='word_1_185' title='bbox 1104 3191 1140 3248; x_wconf 94' lang='lat' dir='ltr'>et</span> <span class='ocrx_word' id='word_1_186' title='bbox 1173 3178 1299 3275; x_wconf 89' lang='lat' dir='ltr'>religio</span> 
     </span>
     <span class='ocr_line' id='line_1_27' title="bbox 107 3290 1301 3392; baseline -0.001 -29"><span class='ocrx_word' id='word_1_187' title='bbox 107 3293 220 3387; x_wconf 86' lang='lat' dir='ltr'>loret,</span> <span class='ocrx_word' id='word_1_188' title='bbox 248 3294 286 3364; x_wconf 91' lang='lat' dir='ltr'>in</span> <span class='ocrx_word' id='word_1_189' title='bbox 321 3296 401 3389; x_wconf 89' lang='lat' dir='ltr'>ipso</span> <span class='ocrx_word' id='word_1_190' title='bbox 427 3297 567 3391; x_wconf 91' lang='lat' dir='ltr'>priscae</span> <span class='ocrx_word' id='word_1_191' title='bbox 594 3295 792 3392; x_wconf 90' lang='lat' dir='ltr'>sapientiae</span> <span class='ocrx_word' id='word_1_192' title='bbox 819 3293 920 3365; x_wconf 93' lang='lat' dir='ltr'>aditu</span> <span class='ocrx_word' id='word_1_193' title='bbox 953 3295 1061 3364; x_wconf 90' lang='lat' dir='ltr'>huius</span> <span class='ocrx_word' id='word_1_194' title='bbox 1093 3290 1202 3363; x_wconf 82' lang='lat' dir='ltr'>olhcii</span> <span class='ocrx_word' id='word_1_195' title='bbox 1232 3295 1301 3362; x_wconf 88' lang='lat' dir='ltr'>oh-</span> 
     </span>
     <span class='ocr_line' id='line_1_28' title="bbox 107 3408 1299 3504; baseline 0.002 -27"><span class='ocrx_word' id='word_1_196' title='bbox 107 3408 233 3478; x_wconf 87' lang='lat' dir='ltr'>livisci.</span> <span class='ocrx_word' id='word_1_197' title='bbox 286 3410 377 3504; x_wconf 90' lang='lat' dir='ltr'>Ergo</span> <span class='ocrx_word' id='word_1_198' title='bbox 405 3423 441 3479; x_wconf 91' lang='lat' dir='ltr'>te</span> <span class='ocrx_word' id='word_1_199' title='bbox 467 3411 648 3504; x_wconf 91' lang='lat' dir='ltr'>primum,</span> <span class='ocrx_word' id='word_1_200' title='bbox 672 3424 771 3481; x_wconf 81' lang='lat' dir='ltr'>rates</span> <span class='ocrx_word' id='word_1_201' title='bbox 793 3411 1035 3501; x_wconf 89' lang='lat' dir='ltr'>sanctissime,</span> <span class='ocrx_word' id='word_1_202' title='bbox 1057 3408 1299 3503; x_wconf 87' lang='lat' dir='ltr'>Numinisque</span> 
     </span>
     <span class='ocr_line' id='line_1_29' title="bbox 109 3521 1301 3621; baseline 0.003 -30"><span class='ocrx_word' id='word_1_203' title='bbox 109 3521 344 3619; x_wconf 78' lang='lat' dir='ltr'>hypopheta,</span> <span class='ocrx_word' id='word_1_204' title='bbox 383 3526 549 3621; x_wconf 91' lang='lat' dir='ltr'>quisquis</span> <span class='ocrx_word' id='word_1_205' title='bbox 587 3524 735 3596; x_wconf 85' lang='lat' dir='ltr'>tandem</span> <span class='ocrx_word' id='word_1_206' title='bbox 772 3527 866 3594; x_wconf 89' lang='lat' dir='ltr'>inter</span> <span class='ocrx_word' id='word_1_207' title='bbox 898 3525 1069 3595; x_wconf 89' lang='lat' dir='ltr'>mortales</span> <span class='ocrx_word' id='word_1_208' title='bbox 1103 3522 1221 3593; x_wconf 90' lang='lat' dir='ltr'>dictus</span> <span class='ocrx_word' id='word_1_209' title='bbox 1260 3536 1301 3594; x_wconf 89' lang='lat' dir='ltr'>tu</span> 
     </span>
     <span class='ocr_line' id='line_1_30' title="bbox 108 3635 1301 3730; baseline 0.002 -24"><span class='ocrx_word' id='word_1_210' title='bbox 108 3635 238 3730; x_wconf 89' lang='lat' dir='ltr'>lueris,</span> <span class='ocrx_word' id='word_1_211' title='bbox 266 3640 435 3709; x_wconf 91' lang='lat' dir='ltr'>carminis</span> <span class='ocrx_word' id='word_1_212' title='bbox 465 3640 573 3710; x_wconf 90' lang='lat' dir='ltr'>huius</span> <span class='ocrx_word' id='word_1_213' title='bbox 607 3653 756 3729; x_wconf 90' lang='lat' dir='ltr'>auctor,</span> <span class='ocrx_word' id='word_1_214' title='bbox 794 3637 895 3708; x_wconf 90' lang='lat' dir='ltr'>cuius</span> <span class='ocrx_word' id='word_1_215' title='bbox 929 3637 1083 3708; x_wconf 86' lang='lat' dir='ltr'>oraculis</span> <span class='ocrx_word' id='word_1_216' title='bbox 1116 3663 1220 3708; x_wconf 90' lang='lat' dir='ltr'>mens</span> <span class='ocrx_word' id='word_1_217' title='bbox 1254 3637 1301 3709; x_wconf 90' lang='lat' dir='ltr'>ad</span> 
     </span>
     <span class='ocr_line' id='line_1_31' title="bbox 109 3751 1300 3849; baseline 0.003 -29"><span class='ocrx_word' id='word_1_218' title='bbox 109 3755 247 3824; x_wconf 85' lang='lat' dir='ltr'>excelsa</span> <span class='ocrx_word' id='word_1_219' title='bbox 274 3777 466 3849; x_wconf 87' lang='lat' dir='ltr'>quaeque,</span> <span class='ocrx_word' id='word_1_220' title='bbox 492 3768 637 3825; x_wconf 88' lang='lat' dir='ltr'>aeterna</span> <span class='ocrx_word' id='word_1_221' title='bbox 664 3766 775 3849; x_wconf 88' lang='lat' dir='ltr'>atque</span> <span class='ocrx_word' id='word_1_222' title='bbox 801 3751 923 3823; x_wconf 88' lang='lat' dir='ltr'>divina</span> <span class='ocrx_word' id='word_1_223' title='bbox 950 3775 1032 3822; x_wconf 93' lang='lat' dir='ltr'>cum</span> <span class='ocrx_word' id='word_1_224' title='bbox 1067 3753 1300 3823; x_wconf 88' lang='lat' dir='ltr'>inenarrabili</span> 
     </span>
     <span class='ocr_line' id='line_1_32' title="bbox 107 3868 1299 3965; baseline -0.002 -28"><span class='ocrx_word' id='word_1_225' title='bbox 107 3870 266 3963; x_wconf 84' lang='lat' dir='ltr'>quadam</span> <span class='ocrx_word' id='word_1_226' title='bbox 296 3869 539 3940; x_wconf 90' lang='lat' dir='ltr'>delectatione</span> <span class='ocrx_word' id='word_1_227' title='bbox 564 3870 721 3965; x_wconf 90' lang='lat' dir='ltr'>rapitur:</span> <span class='ocrx_word' id='word_1_228' title='bbox 758 3882 794 3938; x_wconf 92' lang='lat' dir='ltr'>te</span> <span class='ocrx_word' id='word_1_229' title='bbox 819 3868 999 3963; x_wconf 88' lang='lat' dir='ltr'>primurn,</span> <span class='ocrx_word' id='word_1_230' title='bbox 1030 3870 1203 3965; x_wconf 89' lang='lat' dir='ltr'>inquam,</span> <span class='ocrx_word' id='word_1_231' title='bbox 1235 3891 1299 3936; x_wconf 85' lang='lat' dir='ltr'>re-</span> 
     </span>
    </p>
   </div>
   <div class='ocr_carea' id='block_1_3' title="bbox 106 4085 429 4098">
    <p class='ocr_par' dir='ltr' id='par_1_5' title="bbox 106 4085 429 4098">
     <span class='ocr_line' id='line_1_33' title="bbox 106 4085 429 4098; baseline -0.006 2"><span class='ocrx_word' id='word_1_232' title='bbox 106 4085 429 4098; x_wconf 62' lang='lat'>-—‘—-——0---—-——-—</span> 
     </span>
    </p>
   </div>
   <div class='ocr_carea' id='block_1_4' title="bbox 205 4210 1076 4308">
    <p class='ocr_par' dir='ltr' id='par_1_6' title="bbox 205 4210 1076 4308">
     <span class='ocr_line' id='line_1_34' title="bbox 205 4210 1076 4308; baseline -0.013 -24"><span class='ocrx_word' id='word_1_233' title='bbox 205 4215 236 4302; x_wconf 77' lang='lat'>*)</span> <span class='ocrx_word' id='word_1_234' title='bbox 262 4215 314 4283; x_wconf 91' lang='lat' dir='ltr'>ed.</span> <span class='ocrx_word' id='word_1_235' title='bbox 340 4217 490 4308; x_wconf 88' lang='lat' dir='ltr'>Seramp.</span> <span class='ocrx_word' id='word_1_236' title='bbox 509 4251 554 4263; x_wconf 90' lang='lat'>-</span> <span class='ocrx_word' id='word_1_237' title='bbox 574 4214 598 4295; x_wconf 88' lang='lat' dir='ltr'>l,</span> <span class='ocrx_word' id='word_1_238' title='bbox 632 4217 684 4295; x_wconf 85' lang='lat'>13,</span> <span class='ocrx_word' id='word_1_239' title='bbox 710 4215 865 4284; x_wconf 70' lang='lat'><strong>21-93.</strong></span> <span class='ocrx_word' id='word_1_240' title='bbox 895 4210 947 4276; x_wconf 91' lang='lat' dir='ltr'>ed.</span> <span class='ocrx_word' id='word_1_241' title='bbox 972 4213 1076 4276; x_wconf 85' lang='lat' dir='ltr'>Bono.</span> 
     </span>
    </p>
   </div>
   <div class='ocr_carea' id='block_1_5' title="bbox 0 0 1440 4636">
    <p class='ocr_par' dir='ltr' id='par_1_7' title="bbox 0 0 1440 4636">
     <span class='ocr_line' id='line_1_35' title="bbox 0 0 1440 4636; baseline 0 0"><span class='ocrx_word' id='word_1_242' title='bbox 0 0 1440 4636; x_wconf 95' lang='lat' dir='ltr'> </span> 
     </span>
    </p>
   </div>
  </div>
 </body>
</html>
