2842 4636
114 195 140 248 X
595 184 824 247 PRAEFATIO

115 401 197 447 crim
225 376 423 467 industria,
451 390 490 445 nt
516 390 599 445 aute
623 376 691 445 hos
716 375 789 443 ΧΠ.
818 400 935 445 annos
961 374 1157 445 duodecim
1184 377 1308 470 priora

116 493 201 561 lolia
229 492 336 561 buius
371 491 544 560 editionis
570 492 664 585 typis
695 516 860 585 expressa
896 505 1034 584 esseut,
1062 505 1137 560 tum
1173 505 1309 579 autem,

116 608 367 700 prementibus
402 632 514 702 quum
549 607 626 675 aliis
657 607 862 698 laboribus,
894 620 971 675 tum
1008 605 1201 701 praecipue
1227 631 1308 675 ver-

114 722 226 791 sionis
254 723 361 816 primi
394 725 619 816 Ramayanac
647 721 842 790 voluminis
868 719 1111 790 absolvendae
1145 721 1307 816 negotio,

118 862 267 931 operam
300 837 584 932 Bhagavadgitae
611 833 813 904 navandam
846 835 1084 905 intermittere
1116 834 1201 902 licet
1225 835 1309 903 satis

116 976 220 1047 aegre
247 965 393 1021 coactns
419 952 494 1020 snit.

214 1064 321 1135 Edito
349 1090 447 1134 anno
467 1061 798 1137 MDCCCXXXVIlI.
823 1065 942 1158 primo
967 1066 1142 1135 versionis
1163 1067 1306 1135 llamei·

116 1180 183 1251 dos
208 1180 406 1272 volumine,
433 1178 717 1274 Bhagavadgitae
741 1177 942 1249 editionem
969 1205 1153 1250 resumere
1181 1195 1217 1250 et
1237 1180 1305 1250 ad-

115 1295 344 1365 notationem
370 1295 584 1365 continuare
612 1294 759 1389 incepit.
800 1293 840 1363 ln
856 1294 960 1388 quod
978 1295 1164 1390 negotium
1182 1309 1305 1364 tamen

114 1435 229 1505 quum
264 1424 417 1506 propter
452 1410 587 1479 molem
628 1410 781 1478 aliorum
818 1411 983 1480 laborum
1018 1411 1082 1505 qui
1117 1414 1304 1501 instarent,

114 1550 263 1619 operam
288 1539 428 1595 tantum
452 1525 676 1594 subsecivam
699 1522 913 1618 impendere
929 1538 1053 1619 posset
1075 1538 1111 1594 et
1131 1524 1304 1619 frequen-

114 1641 212 1710 tibus
238 1643 351 1711 moris
377 1641 613 1733 detineretur,
637 1639 862 1710 accelerandi
885 1641 1005 1734 operis
1023 1665 1145 1710 caussa
1163 1641 1302 1710 socium

114 1756 249 1850 negotii
277 1757 344 1824 sibi
374 1755 571 1850 adiungere
597 1755 795 1824 constituit.
831 1755 919 1824 Mihi
938 1755 1062 1848 itaque
1082 1754 1304 1824 desiderium

111 1895 218 1939 suum
244 1871 477 1965 significavit,
502 1884 542 1940 ut
567 1871 772 1940 coniunctis
807 1870 946 1940 viribus
979 1895 1071 1963 opus
1104 1869 1305 1938 conficere-

113 2010 204 2053 mus.
258 1984 321 2053 Cui
349 1987 415 2055 viri
444 1985 671 2054 illustrissimi
696 1998 732 2054 et
758 1986 915 2080 magistri
943 2009 1084 2054 summe
1106 1984 1305 2056 venerandi

116 2113 243 2194 optato
270 2099 468 2194 respondi,
503 2101 552 2169 nil
578 2101 671 2170 mibi
699 2101 775 2170 fore
801 2103 934 2196 gratius
960 2114 996 2170 et
1029 2102 1196 2171 sanctius.
1256 2099 1306 2168 lta

113 2230 236 2285 autem
266 2238 502 2286 communem
537 2216 700 2285 laborem
735 2217 828 2286 inter
854 2242 921 2286 nos
947 2216 1233 2311 dispertivimns,
1266 2228 1306 2284 ut

113 2331 172 2399 ille
216 2330 477 2425 praelationem
525 2331 722 2421 scriberet,
768 2358 834 2428 ego
877 2333 1132 2403 adnotationes
1172 2357 1307 2426 suppe-

113 2444 267 2514 ditarem
306 2444 353 2514 ad
393 2469 456 2514 eos
496 2447 617 2538 locos,
656 2445 701 2516 ad
745 2472 838 2541 quos
879 2447 916 2516 in
955 2448 1031 2517 eius
1071 2445 1216 2516 schedis
1256 2445 1306 2514 nil

113 2559 277 2629 adnotati
305 2561 502 2654 reperirem
529 2562 585 2632 vel
611 2561 751 2655 aliquid
777 2561 987 2632 addendum
1016 2587 1091 2632 esse
1121 2561 1307 2653 sentirem,

114 2689 150 2744 et
176 2674 315 2745 indices
342 2700 521 2769 pararem,
548 2701 642 2770 qnos
668 2675 821 2746 editioni
845 2703 929 2747 suae
955 2678 1112 2748 adiicere
1135 2677 1306 2748 deereve-

114 2804 180 2860 rat.
242 2790 287 2859 dt
326 2815 412 2859 vero
454 2791 548 2858 banc
590 2789 842 2859 conditionem
883 2791 1097 2885 impetravi,
1134 2805 1173 2860 ut
1216 2790 1306 2860 nihil

113 2905 216 2998 prelo
249 2903 452 2995 traderem,
488 2904 556 2972 nisi
581 2917 688 2972 antea
715 2906 759 2972 ab
796 2929 840 2973 eo
868 2905 1070 2999 inspectum
1100 2919 1135 2974 et
1169 2912 1305 3000 appro2

114 3019 239 3089 batum
273 3019 406 3087 luisset.
460 3016 563 3104 Quae
596 3016 783 3110 conditio,
810 3020 875 3088 etsi
902 3020 1004 3114 operi
1040 3021 1192 3107 multum
1220 3044 1307 3090 sane

115 3133 269 3227 proluit,
297 3145 420 3201 tamen
454 3133 491 3201 in
519 3155 642 3202 caussa
678 3133 766 3224 luit,
799 3158 864 3203 cur
887 3133 964 3203 tuni
992 3149 1144 3229 propter
1170 3136 1307 3205 valetu-

117 3247 212 3317 dinis
256 3245 531 3339 infirmitatem,
577 3271 649 3342 qua
693 3249 835 3343 saepius
880 3249 979 3319 hisce
1020 3250 1124 3318 annis
1161 3274 1308 3343 preme-

94 3364 223 3449 batur
256 3361 496 3456 Schlegelius,
531 3374 608 3430 tum
642 3376 794 3457 propter
827 3365 963 3432 molem
996 3377 1032 3432 et
1063 3362 1308 3434 diversitatem

117 3478 269 3546 aliorum
304 3478 492 3568 laborum,
524 3502 618 3572 quos
652 3479 689 3546 in
723 3502 760 3547 se
787 3493 1013 3573 susceperat,
1044 3479 1182 3548 tardius
1219 3504 1308 3574 pro-

115 3613 273 3684 gressum
302 3592 347 3660 sit
369 3617 460 3686 opus
488 3606 523 3661 et
551 3592 715 3663 nondum
745 3592 791 3662 ad
818 3593 928 3663 finem
955 3596 1174 3688 pervenerit,
1190 3621 1304 3688 quum

117 3719 235 3775 morte
262 3706 387 3773 litteris
411 3720 557 3799 ereptus
580 3722 633 3777 est
658 3709 710 3778 vir
735 3707 1070 3780 desideratissimus.

218 3821 290 3888 lam
318 3818 364 3887 de
390 3813 559 3889 subsidiis
575 3823 707 3891 criticis
724 3823 858 3915 dicam,
886 3805 1019 3918 quibus
1037 3826 1073 3892 in
1091 3824 1305 3896 adornanda

119 3935 188 4004 hac
216 3932 378 4004 editione
404 3959 488 4006 usus
514 3950 567 4005 est
589 3936 820 4032 Schlegelius.
859 3940 909 4008 De
928 3924 1101 4034 quattuor
1119 3940 1308 4009 codicibus

118 4048 324 4140 Parisinv's,
349 4074 392 4118 ex
419 4051 552 4144 quibus
576 4064 654 4119 tota
683 4054 880 4147 scripturae
912 4056 1064 4126 varietas
1097 4056 1134 4124 in
1164 4053 1307 4124 schedis

119 4163 194 4232 eius
220 4178 365 4235 enotata
396 4180 528 4260 exstat,
568 4192 642 4237 non
679 4168 806 4239 attinet
841 4169 877 4238 h.
904 4172 926 4239 l.
960 4170 1101 4263 dicere,
1136 4194 1250 4264 quum
1281 4169 1306 4236 ii
