2842 4636
525 201 773 268 scuttfflu.
842 250 844 257 .
1124 210 1249 269 XXXlX

55 387 134 476 luit,
160 387 260 460 bunc
280 389 414 459 librum
441 390 678 486 comparandi
706 415 896 486 nunquam
921 415 997 462 sese
1018 395 1160 464 occasio
1179 397 1248 466 ob·

54 503 158 593 tulit,
184 527 252 573 nec
274 517 413 599 prostat
438 506 468 574 is
495 505 609 575 hodic
633 505 791 577 Londini
818 503 916 602 apud
943 507 1163 603 bibliopolas
1178 510 1248 582 So-

56 617 196 688 cietatis
223 632 466 691 mercatorum
491 621 529 690 in
551 619 695 690 Indiam
716 621 929 691 otientalcm
949 625 1249 717 commeantium,

56 732 252 802 instructos
279 759 342 805 eos
364 736 529 830 alioquin
556 734 778 830 amplissima
808 737 989 806 librorum
1008 738 1248 808 Asiaticorum

56 848 175 941 copia.
228 849 304 918 Hoc
328 850 445 943 ipsum
471 851 677 945 exemplar,
709 875 729 920 c
765 875 841 945 quo
871 864 1013 921 textum
1044 852 1248 948 castigatius

59 964 338 1058 exprimendum
363 967 505 1058 curavi,
530 964 653 1037 debeo
675 967 790 1039 lavori
819 968 886 1038 viri
922 967 1013 1036 mihi
1039 966 1249 1038 amicissimi

58 1091 94 1147 et
119 1077 335 1174 disciplinae
362 1081 620 1152 Brahmanicae
646 1082 812 1177 apprime
833 1081 1008 1174 studiosi,
1035 1079 1071 1152 C.
1100 1085 1247 1151 Faunus.

57 1192 334 1290 Spero-igitur,
367 1221 427 1265 me
461 1195 561 1268 haud
595 1197 760 1267 inuti-lem
795 1220 944 1292 operam
980 1198 1175 1268 collocasse
1210 1198 1249 1266 in

57 1307 158 1378 aditu
185 1311 348 1404 parando
375 1311 468 1381 sacili
495 1309 542 1381 ad
568 1335 718 1382 carmen
741 1311 881 1382 editum
910 1313 1016 1404 licet,
1048 1336 1116 1406 pro
1144 1313 1247 1407 quasi

56 1425 202 1495 inedito⁴
224 1439 348 1497 tamen
376 1426 598 1497 habendum.

157 1540 232 1610 lam
259 1543 401 1638 aliquot
425 1542 532 1612 anuis
558 1556 641 1611 ante
667 1565 783 1636 quam
811 1541 885 1611 hoc
912 1541 1106 1611 consilium·
1131 1540 1250 1634 cepis·
1306 1563 1310 1572 ⁵

58 1677 156 1747 sem,
181 1658 322 1750 priores
350 1655 670 1752 Bhagavad-Gitae·
689 1656 863 1726 lectiones
888 1679 908 1724 e
933 1654 1125 1726 codicibus
1149 1656 1251 1725 Pari-

57 1769 163 1839 siacis
187 1771 230 1840 in
251 1795 355 1841 usum
386 1795 513 1842 meum
535 1771 809 1866 descripseram.
870 1771 972 1842 Nunc
1004 1770 1138 1839 iterum
1170 1792 1251 1837 eos-

58 1881 146 1952 dem
164 1885 281 1954 evolvi
307 1899 344 1955 et
365 1885 557 1980 diligenter
580 1904 669 1956 cum
685 1884 848 1958 editione
865 1882 1082 1955 Calcuttensi
1100 1883 1250 1953 contuli.

58 1997 181 2069 Scatet
206 2000 298 2070 haec
319 2001 475 2094 mendis,
500 2022 664 2096 quornm
682 2002 858 2096 pleraque
883 1997 1033 2096 quidem
1055 2012 1139 2069 sunt
1154 1999 1252 2069 eius·

57 2112 183 2205 modi,
215 2117 344 2210 utqui
378 2117 438 2185 vet
468 2115 704 2187 mediocriter
727 2115 1004 2212 grammaticam
1031 2114 1250 2186 Sauscritam

58 2231 197 2321 calleat,
223 2229 320 2300 facili
346 2233 562 2328 negotiosa
588 2233 796 2302 correxerit.
849 2232 925 2301 Alia
950 2244 1075 2300 tamen
1096 2231 1152 2301 vel
1179 2228 1250 2299 do*

56 2344 163 2413 ctiori
191 2347 376 2441 negotium
404 2346 578 2417 facessere
603 2348 755 2442 possint.
806 2348 931 2417 Tutius
955 2345 1252 2416 omnino-visum¹

57 2473 110 2529 est
135 2460 311 2532 codicum
332 2461 406 2532 fide
430 2476 467 2532 et
491 2463 705 2533 auctoritate
730 2463 864 2558 potius,
890 2485 1005 2557 quam
1020 2459 1251 2549 coniecturis,

56 2577 291 2669 quantumvis
315 2601 379 2648 eae
405 2579 447 2648 iu·
468 2591 648 2673 promptu
671 2590 801 2669 essent,
826 2600 951 2660 veram
972 2573 1168 2643 lectionem
1188 2575 1251 2642 in-

59 2701 232 2766 staurare.
285 2694 474 2764 Praeterea
506 2691 697 2763 desiderio
715 2692 910 2787 flagrabam
940 2711 1008 2783 per
1037 2707 1098 2755 me
1130 2687 1248 2780 ipsum

57 2805 318 2898 cognoscendi,
340 2827 432 2876 uum
455 2807 553 2877 idem
583 2803 896 2903 Rbagnvad·Gttac
920 2798 1121 2890 accidisset,
1147 2799 1253 2894 quod

59 2919 143 2991 aliis
169 2923 320 2990 vetustis
350 2920 529 2991 ludorum·
552 2923 674 3013 libris-¹,
705 2919 917 3016 praesertim
953 2913 1196 3009 llitopadeoo.
1216 2925 1255 2985 et

58 3035 284 3106 carminibus
308 3037 422 3132 epicis
445 3035 618 3106 accidisse
640 3037 822 3106 sciebam:
846 3057 980 3127 nempe
1005 3043 1048 3101 ut
1068 3028 1253 3099 indiver-

55 3149 105 3218 sis
129 3147 321 3220 codicibus
345 3151 478 3221 MSctis
495 3173 622 3220 versus
644 3150 793 3246 integri,
821 3146 1011 3219 interdum
1033 3145 1145 3215 etiam
1167 3145 1254 3238 plu-

56 3265 151 3335 rium
186 3287 354 3335 uersuum
386 3267 596 3360 complexus
630 3267 687 3336 vel
719 3262 824 3334 valde
860 3261 1047 3332 immutati·
1075 3261 1256 3354 legantur,

56 3381 113 3450 vel
139 3381 373 3474 transpositi,
399 3382 467 3450 alla
495 3381 569 3450 sint
594 3379 745 3470 omissa,
771 3378 840 3448 alia
864 3375 994 3446 addita
1017 3387 1052 3444 et
1084 3375 1255 3469 interpo-

56 3497 143 3565 latae
198 3496 280 3564 lllox
313 3519 403 3565 eum
429 3494 571 3591 gaudio·
597 3492 703 3564 haud·
724 3491 907 3562 mediocri·
935 3486 1186 3584 deprehendi,
1211 3488 1259 3556 in·-

54 3612 219 3681 carmine
241 3610 315 3680 hoc
341 3625 472 3682 nostro
493 3612 636 3681 nullam·
657 3633 734 3678 esse
756 3605 926 3676 codicum
954 3603 1258 3698 discrepantiam,

55 3751 101 3795 ne
129 3727 169 3795 in·
196 3726 362 3796 minimis
385 3726 556 3821 quidem,
583 3738 619 3794 ct
646 3747 740 3818 quae
767 3721 844 3790 siue
871 3721 1089 3810 sententiae,
1115 3719 1259 3789 verbo-³

54 3867 140 3911 rum·
164 3854 377 3929 structurae,
402 3843 585 3935 nimique
603 3840 739 3909 damno
757 3837 885 3908 variari
909 3835 1120 3930 potuissent.
1163 3830 1259 3920 Quo.

54 3955 214 4024 mirilico
240 3955 416 4025 codicum
441 3979 644 4045 consensu,
665 3967 750 4022 tumr
771 3952 1045 4020 Parisiaoorum-
1072 3949 1181 4020 inter¹
1196 3967 1261 4035 sc,

52 4082 129 4138 tum
162 4093 253 4139 cum·
282 4072 497 4165 exemplari,
530 4068 630 4139 undo
666 4067 787 4137 editio
815 4062 1049 4134 Calcuttensis
1083 4083 1247 4154 expressa

55 4196 134 4275 cst,
152 4197 240 4254 tumr
260 4182 422 4280 deniqne
445 4206 531 4256 cerm
560 4208 618 4277 eo,
645 4181 749 4278 quod
774 4181 813 4252 v.
841 4177 891 4250 Clt
909 4176 1065 4246 Graccus
1090 4173 1258 4247 Wnnns
