2842 4636
152 202 275 262 xxvttt
636 199 863 264 PhthATiO

154 387 258 459 valde
274 385 421 457 difficile
441 409 516 455 esse
533 385 579 455 ad
599 385 889 480 diiudicandum,
915 386 1006 483 quid
1028 386 1133 482 eulpa
1146 387 1347 458 scribarum

55 531 57 534 ¹
154 504 319 574 vitiatum
343 502 389 570 sit
423 501 458 570 in
492 514 611 592 textu,
645 526 814 598 quaeque
841 516 941 573 vetus
967 516 1003 572 et
1026 502 1170 573 idoneis
1195 505 1348 574 testibus

156 617 339 688 historicis
366 615 578 686 confirmata
597 616 750 686 varietas
776 617 985 710 scripturae.
1039 617 1076 686 ln
1100 617 1222 687 talibis
1246 618 1348 687 libris
1413 658 1414 662 =

155 731 289 802 indicis
316 729 512 800 tractandis
538 729 575 799 id
603 731 756 801 omnino
785 732 905 826 primo
931 733 1014 802 ioco
1039 732 1146 800 nobis
1164 731 1346 826 agendum

155 859 226 938 est,
265 861 305 916 ut
340 859 476 916 textum
511 857 760 914 enarratorum
796 847 997 916 ministerio
1027 847 1081 916 usi
1115 859 1149 915 et
1185 845 1264 915 freti
1300 847 1347 917 ad

77 967 80 981 '
155 985 233 1031 eam
261 958 512 1030 conditionem
542 983 771 1055 revocemus,
804 985 913 1054 qnam
942 975 1025 1030 ante
1055 961 1180 1030 oculos
1213 961 1252 1029 hi
1280 961 1347 1032 ha·

155 1076 280 1145 buere.
335 1075 406 1143 Hac
431 1073 566 1142 laboris
593 1087 693 1166 parte
720 1076 883 1146 absoluta
910 1088 1027 1145 textus
1053 1074 1177 1170 prodit
1202 1075 1347 1146 ineolu-

153 1190 239 1281 mis,
266 1189 330 1284 qui
357 1189 538 1258 historicis
572 1187 817 1259 fundamentis
852 1191 1020 1260 innititur
1053 1191 1178 1284 eisque
1202 1189 1346 1260 firmio-

153 1303 274 1395 ribuS,
313 1328 388 1398 qun
425 1329 537 1398 quum
573 1316 690 1373 aetate
724 1316 802 1373 tum
842 1330 995 1376 puniero
1032 1305 1187 1375 maiores
1225 1303 1347 1374 adsint

153 1418 379 1513 interpretes.
437 1419 481 1486 At
516 1430 624 1486 restat
656 1430 781 1488 tamen
817 1420 885 1489 alia
921 1420 1055 1489 laboris
1092 1444 1194 1514 pars,
1229 1443 1345 1514 eaque

153 1532 289 1602 altioris
324 1530 527 1628 indaginis,
563 1556 673 1626 quam
710 1557 874 1603 recusare
908 1559 984 1602 non
1023 1533 1148 1603 licebit
1183 1533 1237 1624 ei,
1279 1533 1343 1627 qui

153 1670 236 1716 vere
262 1649 376 1717 critici
409 1647 558 1717 editoris
591 1645 720 1717 officiis
747 1648 840 1717 iusto
867 1647 1068 1717 satisfacere
1101 1647 1169 1717 sibi
1205 1672 1345 1742 propo-

152 1763 273 1832 suerit.
328 1759 532 1831 Absurdum
558 1763 742 1832 enimvero
771 1762 864 1832 soret
887 1761 1054 1853 credere,
1080 1786 1227 1856 prorsus
1254 1786 1345 1831 con-

151 1888 206 1944 tra
232 1876 529 1970 depravationem
557 1877 717 1945 munitos
744 1878 954 1946 remansisse
987 1877 1100 1945 libros
1131 1873 1277 1945 Indicos
1310 1889 1345 1946 et

152 1991 258 2058 nullis
284 1990 425 2059 mendis
457 2003 649 2084 corruptos
675 2015 790 2085 usque
822 1991 868 2061 ad
906 2015 973 2060 nos
1008 1990 1233 2085 pervenisse,
1268 2015 1343 2059 non

152 2105 205 2174 ita
229 2129 325 2197 esse,
357 2107 413 2175 vel
442 2106 510 2200 ipsi
544 2105 757 2175 scholiastae
790 2120 987 2198 testantur,
1022 2105 1134 2175 varias
1167 2105 1343 2177 lectiones

152 2232 502 2312 commemorantes,
530 2218 633 2314 quod
667 2245 782 2314 quum
818 2220 970 2301 iaciunt,
1007 2220 1343 2290 rarissime'tamen

151 2333 327 2403 iudicium
379 2359 483 2403 suum
527 2333 573 2403 de
618 2335 782 2405 bonitate
825 2350 886 2405 aut
931 2335 1105 2431 pravitate
1143 2334 1342 2428 scripturae

153 2448 338 2519 cuiusdam
379 2463 581 2544 promunt,
620 2449 708 2519 duas
749 2452 803 2520 vei
846 2452 954 2520 etiam
1002 2450 1122 2545 piures
1163 2435 1342 2544 explicare

151 2566 234 2635 satis
256 2566 432 2636 habentes
465 2579 574 2660 atque
602 2565 835 2635 immemores
860 2579 922 2635 aut
953 2567 1078 2635 saitem
1107 2589 1182 2633 non
1210 2589 1343 2634 euran-

152 2695 226 2774 tes,
264 2707 373 2752 unam
412 2695 553 2752 tantum
595 2682 689 2751 inter
732 2682 845 2751 varias
883 2681 1058 2751 lectiones
1103 2701 1225 2749 veram
1262 2705 1339 2751 esse

152 2823 280 2893 posse,
303 2799 498 2895 genuinam
519 2797 705 2892 scriptoris
727 2821 875 2865 manum
900 2796 1021 2865 rimari
1041 2809 1076 2865 et
1096 2795 1179 2864 vitia
1195 2796 1343 2866 latentia

152 2911 321 3007 detegere
348 2914 404 2982 vix
441 2937 603 3006 unquam
636 2913 798 2980 animum
836 2909 1031 3001 inducunt,
1066 2908 1130 2979 sed
1165 2911 1343 3005 scriptura

152 3028 290 3121 vuigata
334 3028 472 3097 etiamsi
515 3026 690 3094 mendosa
732 3025 962 3118 acquiescere
1004 3025 1141 3116 soient,
1185 3050 1342 3120 eamque

154 3139 306 3209 artificio
335 3140 496 3237 quodam
525 3141 764 3235 interpretari.
820 3138 927 3209 Cuius
960 3141 1011 3209 rei
1039 3140 1244 3234 exemplum
1273 3164 1343 3209 no-

151 3256 260 3324 tabile
288 3257 437 3349 praebet
463 3255 646 3326 distichon
676 3254 778 3324 Gitae
802 3255 981 3324 ultimum.

251 3370 344 3440 Haec
375 3371 404 3440 si
443 3385 539 3440 recte
577 3371 757 3465 disputata
792 3383 899 3461 sunt,
935 3370 1191 3464 consequitur,
1228 3381 1268 3437 ut
1304 3369 1343 3437 in

154 3486 427 3579 quaestionibus
453 3487 586 3556 criticis
609 3487 745 3555 altioris
772 3483 952 3578 indaginis
970 3482 1167 3554 tractandis
1193 3507 1342 3552 coenam

151 3599 322 3670 fiduciam
352 3601 483 3671 indicis
509 3601 711 3671 scholiastis
737 3625 810 3669 non
839 3601 974 3668 habere
1002 3599 1212 3688 debeamus,
1240 3596 1345 3692 quod

152 3740 266 3809 quum
296 3714 393 3807 dico,
422 3742 495 3785 non
525 3717 571 3784 ita
599 3717 818 3785 intellectum
845 3715 964 3805 veiim,
993 3714 1095 3808 quasi
1122 3712 1222 3806 parvi
1247 3712 1344 3782 saee-

153 3856 228 3900 rem
271 3856 395 3901 eorum
434 3831 739 3920 commentarioS,
779 3853 872 3924 quos
912 3843 1037 3898 contra
1077 3827 1344 3897 accuratissime

152 3948 376 4042 indagandos
411 3960 447 4015 et
473 3945 745 4040 diligentissime
778 3943 1021 4013 consulendos
1058 3967 1132 4012 esse
1167 3943 1343 4035 arbitror,

152 4087 275 4132 verum
314 4063 360 4131 ita
395 4060 600 4132 faciendum
635 4058 741 4127 nobis
774 4083 849 4126 esse
882 4082 1034 4147 censen,
1069 4069 1108 4125 ut
1139 4060 1176 4125 in
1210 4058 1261 4126 eis
1297 4055 1345 4125 ad

153 4192 295 4249 nostros
322 4203 404 4249 usus
426 4176 646 4248 adhibendis
672 4176 801 4266 libero,
827 4171 890 4242 sed
917 4197 1004 4241 sano
1029 4185 1064 4240 et
1087 4172 1232 4241 criticae
1259 4171 1345 4242 artis
