2842 4636
550 183 799 251 sctttttetttt.
1184 188 1278 248 xttx

81 370 211 443 affectu
238 383 466 465 commotus,
496 373 750 467 pronuntiasse
781 383 956 442 narratur.
1015 372 1114 455 (llam
1137 373 1170 470 -l,
1196 400 1275 472 cap.

83 493 128 580 2,
152 488 198 576 cl.
228 491 299 572 18.)
350 486 391 556 ln
416 487 546 557 ultimo
569 510 738 559 versuum
760 485 856 582 pede
880 486 972 556 nihil
997 489 1138 584 uspiam
1161 492 1279 561 raria-

83 616 163 695 tur,
197 603 386 698 proximus
412 616 496 673 ante
523 625 708 672 caesuram
734 602 836 672 locus
860 601 979 671 varios
1005 603 1118 696 pedes
1144 605 1280 676 admit·

83 719 146 810 tit,
172 741 362 813 nunquam
388 731 536 810 tamen,
567 718 637 788 nisi
670 717 792 807 fallor,
825 714 1030 788 diiambum
1055 720 1113 789 rel
1148 744 1281 792 secuu-

86 834 176 905 dum
216 857 425 928 paeonem,
462 834 600 903 scilicet
642 857 687 901 ne
719 832 857 901 similes
897 831 1052 902 evadant
1089 834 1279 904 clausulae.

87 952 166 1021 Non
196 948 412 1028 adversatur¹
429 949 561 1018 rationi
590 961 747 1040 nostrae,
772 946 877 1042 quod
905 948 941 1016 in
958 948 1131 1018 Rame'r'de
1156 949 1281 1041 plocus

86 1069 124 1134 in
151 1078 310 1159 quatuor
334 1076 454 1159 partes
479 1064 725 1134 distribuitur:

382 1166 538 1274 mdmrgfiia
563 1181 689 1276 siga&
712 1184 794 1248 ml
816 1167 932 1271 wall:
959 1205 965 1245 t

89 1319 175 1364 nam
207 1295 352 1390 poetica
385 1295 435 1363 rei
462 1295 635 1365 metricae
668 1295 846 1389 expositio
883 1318 959 1364 non
993 1294 1102 1364 nimis
1136 1306 1189 1362 est
1220 1318 1284 1364 nr·

87 1409 219 1504 gendo.
253 1411 295 1480 Et
314 1410 521 1481 conciditur
535 1434 622 1480 sane
640 1410 713 1479 hoc
729 1409 914 1479 distichon
934 1410 972 1478 iu
989 1422 1148 1503 quatuor
1165 1433 1284 1478 uteor-

89 1527 156 1594 bra
183 1526 236 1594 vel
264 1525 445 1616 articulos,
473 1549 627 1594 numero
652 1524 869 1618 syllabarum
896 1524 1087 1618 aequales,
1114 1521 1153 1592 id
1170 1522 1283 1593 modo

88 1653 300 1732 teneamus,
327 1642 413 1710 bina
448 1642 672 1735 singulorum
698 1664 867 1709 versuum
897 1640 1064 1710 membra
1096 1638 1284 1733 rhythmo,

89 1755 126 1824 in
155 1780 267 1850 quem
295 1769 443 1848 exeunt,
471 1780 547 1826 esse
574 1755 715 1826 diversa
748 1769 784 1824 et
815 1756 885 1824 sibi
914 1754 1071 1826 invicem
1099 1752 1285 1848 quodam·

91 1869 207 1940 modo
233 1872 414 1965 opposita.

193 1983 345 2054 Duobus
370 1984 543 2057 duntaxat
568 1987 693 2055 metris
718 1987 832 2056 utitur
862 1984 1196 2081 Bhagarad-Gltae
1221 2011 1286 2058 au·

92 2109 188 2167 otor:
217 2097 342 2191 Cloco,
368 2098 414 2169 de
440 2126 517 2195 quo
544 2102 615 2171 iam
642 2103 801 2197 egimus,
826 2124 894 2196 per
916 2102 1127 2172 universum
1155 2104 1288 2175 carmi·

92 2215 158 2283 nis>
174 2214 229 2283 sui
255 2228 441 2310 tenorem,
469 2218 763 2313 quotiescunque
784 2239 871 2286 rero
898 2217 1028 2312 spiritu
1048 2218 1159 2313 lyrico
1183 2219 1289 2289 altius

93 2329 270 2424 exsurgit,
297 2329 366 2399 alia
397 2330 558 2425 quadam
591 2331 831 2402 distichorum
859 2331 999 2426 specie,
1026 2356 1184 2426 quorum
1212 2333 1290 2401 sin-

90 2445 163 2537 guli
191 2466 313 2514 versus
342 2445 467 2539 viginti
500 2445 642 2519 duabus
676 2446 820 2542 syllabis
846 2444 1125 2516 concluduntur.
1179 2447 1300 2529 Huius·

92 2559 214 2651 metri,
234 2559 336 2653 quod
354 2561 400 2630 ad
418 2584 531 2656 genus
549 2554 762 2634 Trisbt'ublr
779 2560 949 2655 pertinet,
965 2559 1113 2629 schema
1132 2560 1290 2634 maxime

94 2674 266 2744 usitatum
296 2674 368 2745 hoc
391 2690 460 2746 est:

98 2832 130 2855 υ
609 2835 729 2857 ..υ
1213 2836 1248 2848 ιι-

96 2832 1247 2931 --υ-Ι-υυι-υ-υΗ-“Ψ“Ι-ΨΨΙ“Ψ“υ

96 2964 128 2987 υ
616 2974 652 2984 —-
705 2967 736 2989 υ
890 2965 893 2972 “
1213 2969 1250 2980 ⁸·-

95 2966 295 3063 --υ--Ι
321 3013 438 3040 —vu
461 2972 467 3058 l
492 2969 1039 3063 -υ-υΗ--υ-ι-υυ
1062 2970 1069 3057 Ι
1092 3010 1248 3041 -υ--ϋ

198 3135 258 3205 Est
285 3146 321 3205 et
347 3135 419 3204 hoc
446 3133 545 3204 mixti
572 3135 733 3227 generis:
761 3133 909 3203 ultimus
933 3158 998 3229 pes
1025 3146 1289 3230 quaternorum

98 3251 352 3320 membrorum
379 3250 474 3318 inter
500 3273 537 3318 se
563 3250 769 3344 aequalium
797 3271 943 3343 semper
968 3248 1067 3319 idem
1096 3262 1167 3341 est,
1193 3262 1291 3318 cete-

97 3389 159 3435 rae
184 3363 290 3435 sedes
318 3365 515 3434 nonnullos
541 3363 631 3435 ulios
656 3362 769 3458 pedes
791 3361 1008 3456 admittunt,
1032 3363 1131 3434 hunc
1157 3364 1230 3433 lere
1253 3365 1290 3433 iu

97 3477 251 3549 modum
265 3504 274 3548 a

203 4053 299 4120 llaec
326 4052 509 4122 hactenus.
569 4051 673 4140 Quae
697 4076 742 4120 eo
768 4049 999 4145 potissimum
1027 4047 1180 4117 consilio
1209 4071 1298 4139 pro-

100 4167 191 4257 tuli,
230 4181 270 4235 ut
309 4169 465 4239 certiora
504 4167 689 4237 edocerer.
758 4165 899 4235 Etenim
936 4158 1164 4234 versificandi
1202 4163 1295 4231 ratio

1066 4299 1100 4342 xv
