2856 4642
171 201 223 259 xt
648 186 880 250 emendato

169 374 412 466 l'aran'asiae,
453 373 542 444 dum
585 372 924 466 interpretationem
968 393 1070 437 snam
1104 369 1365 459 concinnabat,

170 509 256 565 ante
291 492 418 561 ocialos
452 487 601 580 babuit,
636 511 819 557 consensu
853 481 1052 571 codicum,
1089 486 1263 578 inquam,
1297 484 1363 578 qui

167 611 249 679 sine
274 606 390 676 dnbio
413 605 452 674 in
478 603 732 674 diversissimis
754 600 876 670 lndiae
906 600 1070 694 partibus
1093 599 1217 693 scripti
1244 598 1365 687 luere,

169 736 271 794 certo
303 722 438 791 certius
467 720 753 812 comprobatur,
787 729 925 785 tentum
959 713 1284 809 Bhagavad·Gttae
1317 712 1364 784 ad

169 852 331 910 nostram
357 860 476 930 usque
509 848 665 904 aetatem
697 831 967 930 religiosissime
998 856 1076 900 esse
1110 843 1290 900 serratum
1327 842 1364 898 et

170 977 320 1022 carmen
342 951 609 1021 nobilissimum
637 950 746 1042 plane
762 948 834 1016 tale
852 971 922 1015 nos
936 946 1088 1037 habere,
1106 947 1216 1040 quale
1236 944 1363 1014 divino

169 1069 262 1136 ratis
294 1067 403 1160 prisci
429 1089 495 1135 ore
524 1065 613 1134 olim
639 1064 795 1133 effusum
821 1061 860 1131 id
893 1061 1019 1132 luerat.
1079 1060 1156 1130 lloc
1183 1058 1284 1129 idem
1323 1085 1364 1129 ex

169 1182 252 1274 ipso
277 1180 450 1250 carminis
473 1192 604 1248 tenore
629 1180 744 1273 magis
765 1179 878 1247 etiarn
906 1190 1069 1271 apparet.
1126 1173 1365 1246 Circumscri-

169 1308 274 1389 ptum
303 1293 342 1364 id
366 1308 442 1385 est,
465 1293 569 1387 quod
595 1294 783 1363 neminem
815 1290 939 1361 adbuc
961 1289 1259 1361 animadvertisse
1292 1293 1362 1360 mi-

168 1436 255 1501 ror,
282 1434 437 1480 numero
459 1408 701 1479 distichorum
728 1407 890 1501 perlecto
911 1420 949 1476 et
974 1407 1105 1499 pleno,
1129 1407 1363 1501 septingena-

168 1525 245 1595 rio:
272 1524 372 1594 band
401 1549 489 1593 sane
523 1524 694 1614 fortuito,
716 1523 803 1613 sed,
825 1524 857 1592 si
882 1521 974 1615 quid
1006 1547 1074 1616 ego
1107 1521 1235 1613 video,
1260 1537 1360 1592 certo

167 1653 302 1734 poetae
325 1640 501 1730 consilio,
533 1665 580 1709 ne
613 1638 818 1733 quidquam
851 1651 916 1708 ant
945 1636 1083 1708 addere
1116 1651 1277 1729 temere,
1303 1650 1362 1708 aut

167 1753 318 1827 demere
349 1754 437 1826 inde
468 1755 604 1825 liceret
665 1755 770 1824 ilatio
801 1753 1058 1849 philosophica
1090 1751 1276 1823 interdum
1311 1766 1362 1822 est

168 1870 291 1962 paullo
316 1871 523 1959 obscurior,
541 1868 646 1962 quod
663 1893 787 1963 neque
800 1868 880 1938 lieri
898 1869 1003 1938 aliter
1018 1881 1162 1962 poterat
1188 1868 1226 1937 in
1253 1868 1362 1938 rebus

166 1994 243 2052 tam
266 1983 374 2077 longe
398 2009 420 2054 a
442 2007 551 2054 sensu
579 1983 777 2053 bominum
807 1984 999 2054 communi
1027 1984 1179 2053 remotis
1211 1983 1359 2077 poetico

168 2121 340 2166 sermone
380 2096 613 2166 exornandis
674 2098 792 2169 Nesus
831 2099 1043 2192 praesertim
1078 2099 1361 2188 sententiarum,

167 2207 257 2278 dum
284 2223 412 2303 poeta,
439 2210 604 2278 brevitati
628 2209 794 2302 studens,
821 2212 934 2282 multa
957 2213 1116 2282 transilit
1139 2213 1359 2308 cogitatione

165 2323 312 2395 lectoris
334 2323 552 2418 supplenda,
576 2349 653 2394 non
680 2325 801 2397 ubivis
824 2326 947 2420 primo
972 2326 1147 2422 adspectu
1173 2329 1277 2399 lacile
1303 2329 1361 2397 in-

164 2439 347 2533 telligitur.
396 2437 492 2509 Nihil
527 2452 651 2508 tamen
685 2440 829 2534 uspiam
862 2441 900 2510 in
926 2455 1006 2510 toto
1032 2443 1193 2513 carmine
1225 2442 1360 2540 depre-

165 2552 301 2646 hendi,
327 2552 432 2648 quod
452 2554 612 2625 lacerum
639 2559 706 2646 sit,
730 2556 897 2626 mutilum
924 2558 981 2626 vel
1005 2571 1231 2652 corruptum.

266 2667 371 2758 Quae
394 2693 508 2764 quum
537 2670 586 2741 ita
608 2695 646 2742 te
673 2671 845 2764 habeant,
870 2685 981 2766 patet,
1006 2671 1202 2767 editorem,
1228 2678 1293 2771 qni
1320 2677 1358 2745 in

166 2783 347 2856 eiusmodi
375 2783 468 2855 libro
495 2786 644 2879 iugenio
671 2788 772 2858 abuti
794 2788 950 2860 voluerit
966 2787 1013 2858 ad
1035 2790 1282 2862 sollicitandas
1307 2794 1360 2862 le-

165 2899 305 2973 ctiones
340 2898 495 2994 probas,
534 2924 608 2971 non
642 2899 840 2970 ardelionis
878 2901 992 2972 modo
1033 2917 1153 2997 partes
1189 2920 1357 2979 acturum

165 3013 255 3105 sore,
282 3011 346 3084 sed
370 3037 477 3108 grave
503 3039 655 3108 quoque
681 3015 865 3109 piaculum
891 3031 1019 3089 contra
1043 3022 1271 3116 antiquitatis
1291 3049 1358 3095 au-

165 3128 369 3199 ctoritatem
397 3125 659 3199 admissurum.»
692 3130 861 3201 Restabat
882 3134 1083 3227 provincia,
1109 3138 1255 3209 modica
1273 3142 1359 3235 qui·

164 3239 250 3313 dem
277 3265 319 3310 ca
351 3254 387 3311 ct
412 3254 579 3336 angusta,
609 3243 668 3341 cui
694 3257 818 3314 tamen
851 3244 1162 3322 administrandae
1192 3252 1356 3326 sedulam

165 3355 250 3427 dedi
284 3380 459 3452 operam,
495 3370 535 3428 ut
566 3356 717 3429 eruditis
750 3358 861 3431 tidem
900 3386 1021 3433 meam
1055 3389 1097 3436 ac
1130 3366 1357 3463 diligentiam

162 3472 418 3567 approbarem.
473 3472 594 3543 Tacite
627 3476 752 3546 sustuli
786 3475 922 3547 menda
953 3478 1125 3552 editionis
1151 3481 1358 3558 Calentten-

163 3586 232 3678 sis,
254 3598 427 3678 attamen,
452 3587 481 3657 si
509 3590 592 3683 quis
613 3588 724 3681 sorte,
750 3591 820 3673 (cni
847 3615 916 3661 nec
941 3594 1178 3666 vehementer
1202 3623 1356 3671 succen-

162 3701 295 3785 serem)
333 3699 443 3770 docto
482 3702 630 3773 cuidam.
666 3705 921 3798 Brachmano,
962 3706 1144 3780 Calcuttae
1188 3712 1356 3810 degenti,

162 3817 244 3915 plus
269 3815 355 3887 lidei
380 3816 533 3887 haberat
555 3844 665 3912 quam
694 3821 799 3912 mihi,
822 3835 864 3892 ut
889 3823 918 3892 is
940 3848 1006 3894 suo
1031 3826 1167 3897 iudicio
1192 3832 1244 3899 uti
1265 3857 1357 3926 pos-

161 3946 237 4023 aet,
261 3933 449 4016 omnium,
484 3933 520 4003 in
548 3935 681 4029 quibus
708 3950 832 4007 nostra
856 3937 973 4008 editio
997 3941 1044 4011 ab
1074 3943 1132 4013 illa
1159 3943 1356 4041 discrepat,

162 4046 322 4121 iudicem
349 4045 396 4121 ad
421 4049 556 4122 calcem
584 4047 712 4119 adieci.
773 4051 978 4124 Manifestos
1004 4056 1132 4129 calami
1166 4061 1304 4155 lapsus,
1334 4087 1356 4133 a

163 4163 299 4261 quibus
323 4166 441 4241 nullus
472 4164 544 4242 fere
580 4161 695 4236 codex
725 4165 863 4237 MSctus
893 4192 1041 4262 prorsus
1081 4187 1135 4243 est
1168 4175 1358 4269 immunis,
