2842 4636
182 911 635 997 sufflandum
679 914 1113 999 PRAEFATIO

297 1109 664 1174 uurrrours
706 1110 1005 1175 aaronis

157 1485 280 1576 Quum
308 1489 416 1558 tertio
439 1488 574 1560 abhinc
600 1514 697 1560 anno
717 1489 878 1560 Lutetiae
899 1490 1120 1561 Parisiorum
1143 1515 1247 1562 com-

58 1625 226 1681 morarer
250 1617 402 1698 propter
428 1629 558 1675 munus
584 1605 675 1674 mihi
702 1603 984 1695 demandatum,
1009 1617 1051 1674 nt
1080 1605 1119 1673 in
1143 1605 1247 1699 prin-

57 1717 138 1810 cipe
171 1717 256 1784 artis
286 1720 570 1813 typographicae
603 1717 688 1789 sede
722 1733 829 1815 typos
855 1720 1053 1788 litterarum
1082 1716 1247 1789 Devana-

54 1831 255 1924 garicarum
281 1831 485 1924 caelandas,
510 1831 716 1926 feriundos,
741 1831 884 1904 flendos
909 1855 1092 1923 curarem,
1112 1833 1246 1927 quibus

57 1945 164 2038 Regia
191 1945 441 2016 munificentia
467 1946 699 2018 Academiam
727 1961 888 2018 nostram
915 1948 1129 2019 Rhenanam
1151 1946 1247 2018 dita-

55 2059 122 2129 vit:
162 2060 283 2129 statim
325 2060 605 2155 circumspicere
642 2060 768 2157 coepi,
799 2060 976 2157 quidnam
1014 2062 1245 2157 potissimum

54 2173 155 2243 hisce
190 2176 285 2269 typis
318 2199 486 2245 excusum
522 2176 658 2270 publici
689 2177 776 2247 iuris
813 2177 979 2248 lacerem.
1031 2175 1245 2272 Eligendum

55 2300 132 2358 erat
158 2287 300 2383 aliquid
328 2314 400 2358 non
428 2290 563 2359 nimiae
586 2291 706 2379 molis,
733 2314 779 2360 ne
798 2315 899 2361 mora
918 2288 1146 2362 diuturniore
1164 2315 1248 2360 eru-

55 2401 217 2473 ditorum
246 2404 550 2498 exspectationem
579 2404 778 2497 frustrarer,
804 2429 872 2475 nec
891 2400 999 2474 nimis
1021 2402 1182 2495 difficile,
1206 2416 1248 2473 ut

54 2517 93 2586 in
125 2529 227 2602 tanta
260 2517 435 2586 librorum
471 2517 617 2612 inopia,
648 2518 828 2589 renalium
861 2519 990 2611 utique
1025 2540 1067 2584 ao
1097 2515 1245 2586 modico

54 2634 175 2728 pretio
202 2632 432 2726 parabilium,
456 2633 638 2702 tironibus
665 2657 817 2727 quoque
843 2631 1082 2700 consulerem.
1120 2629 1246 2723 Magna

53 2770 142 2816 sanc
167 2744 391 2814 ineditorum
418 2746 524 2840 copia
551 2760 694 2841 praesto
726 2745 817 2815 mihi
850 2759 925 2815 erat
958 2745 996 2813 in
1022 2742 1248 2814 Bibliotheca

55 2862 228 2931 Franciae
255 2861 376 2954 Regis,
408 2860 474 2930 sed
502 2885 576 2929 non
610 2884 830 2956 magnopere
856 2858 1143 2930 allectabar'hac
1167 2859 1247 2953 glo-

56 2977 161 3067 riola,
189 2989 229 3044 ut
254 2976 392 3069 primus
418 2974 557 3070 aliquid
585 2977 670 3046 novi
697 2976 741 3044 in·
761 2977 878 3044 lucem
903 2973 1119 3068 protraxisse
1145 2972 1247 3044 dice-

57 3116 129 3160 rer:
156 3089 353 3184 siquidem,
379 3105 556 3185 quantum
584 3091 756 3185 equidem
784 3090 945 3160 iudicare
968 3091 1083 3180 valeo,
1106 3091 1247 3184 plerae-

58 3231 131 3302 que
168 3207 346 3275 librorum
378 3203 644 3275 Sanscritorum
682 3204 883 3295 editiones,
925 3228 1020 3299 qnae
1058 3205 1247 3300 hucusque

59 3320 251 3415 prodiere,
278 3321 326 3388 ita
353 3332 436 3388 sunt
458 3333 709 3414 comparatae,
743 3332 783 3388 ut
808 3320 892 3388 satis
919 3320 1037 3413 ampla
1063 3331 1142 3388 tum
1177 3321 1249 3389 cri-

58 3438 132 3506 tico
168 3436 347 3525 acumini,
372 3446 450 3502 tum
477 3436 598 3503 solerti
626 3434 831 3528 interpretis
858 3431 1065 3526 diligentiae
1098 3434 1249 3504 materia

58 3553 184 3621 relicta
210 3550 266 3619 sit.
319 3548 488 3619 Converti
516 3549 624 3643 igitur
649 3549 812 3618 animum
838 3546 884 3616 ad
911 3571 1056 3617 carmen
1083 3546 1249 3641 philoso-

61 3666 238 3760 phicum,
274 3665 332 3734 cui
366 3664 490 3733 titulus
521 3676 574 3732 est
608 3662 912 3754 Beretum-Gira,
945 3687 1020 3758 quo
1059 3663 1116 3734 rix
1151 3660 1248 3731 aliud

60 3781 173 3850 ullum
202 3779 400 3872 sapientiae
427 3792 463 3847 et
496 3778 693 3848 sanctitatis
729 3777 835 3848 laude
869 3803 934 3872 per
964 3790 1079 3846 totam
1106 3773 1248 3844 Indiam

60 3896 277 3964 celebratius
304 3906 424 3963 exstat.
477 3893 560 3963 Eius
586 3907 837 3986 argumentum
865 3894 1047 3982 omuibus,
1074 3887 1138 3982 qui
1164 3887 1249 3980 phi-

61 4008 252 4102 losophiae
278 4009 481 4099 historiam,
507 4032 583 4077 non
608 4009 725 4077 solum
748 4006 846 4102 apud
861 4006 1029 4094 Graecos,
1054 3999 1248 4071 sedetiam
1278 4093 1280 4100 k

60 4121 158 4215 apud
187 4124 359 4217 antiquos
386 4122 487 4191 Asiae
514 4123 672 4216 populos
695 4123 906 4214 investigare
931 4138 1063 4213 operae
1089 4113 1247 4207 pretium
