2842 4636
569 210 821 277 SCllLEGELll.
1247 219 1286 279 tt

92 400 214 498 lingna
256 401 458 492 Sanscrita,
502 414 538 471 et
581 402 804 472 inversiones
840 400 1097 474 audacissimus
1138 403 1289 477 feliciter

93 518 229 588 imitari
251 528 385 611 potest,
412 540 524 610 quum
557 516 655 611 ipsae
681 518 957 588 terminationes
984 517 1155 613 prodant,
1174 545 1289 614 quae-

93 656 178 701 nam
205 631 410 722 dictiones,
437 630 502 699 ctsi
535 630 644 726 longo
671 632 867 703 verborum
904 634 1044 702 ambitu
1074 631 1289 729 disiunctae,

93 770 201 816 sensu
228 746 322 815 inter
357 769 395 814 se
433 743 506 812 sint
537 744 780 839 colligandae,
808 759 884 815 tum
913 747 1126 817 brevitatem
1162 772 1289 819 aemu-

94 862 174 952 lari,
200 883 297 954 quae
322 857 435 953 magis
470 856 516 927 ad
541 860 737 929 verborum
766 885 979 953 numerum,
1007 887 1082 957 quo
1110 864 1289 934 sententia

96 974 277 1069 quaedam
306 973 442 1043 absolvi
470 972 607 1066 possit,
640 999 750 1069 quam
778 976 994 1070 syllabarum
1024 990 1077 1046 est
1100 976 1288 1072 exigenda.

94 1089 132 1158 ln
160 1114 236 1159 uno
264 1102 386 1158 tamen
413 1088 534 1181 lingua
565 1088 699 1158 Graeca
728 1093 879 1185 propius
911 1091 957 1162 ad
981 1092 1200 1161 Sanscritam
1227 1115 1287 1162 ac-

93 1203 225 1273 cedere
251 1201 365 1272 videri
392 1199 503 1271 debet
536 1216 571 1271 ct
604 1203 842 1296 praeferenda
871 1205 980 1296 soret,
1005 1208 1033 1275 si
1060 1230 1186 1301 parem
1212 1208 1289 1277 eius

92 1316 308 1388 scribendae
324 1316 527 1387 facultatem
546 1318 779 1389 haberemus:
808 1321 842 1389 in
863 1321 1008 1391 licentia
1025 1322 1288 1417 componendi,

92 1433 258 1528 inquam,
281 1445 317 1501 et
340 1456 433 1501 nova
458 1432 615 1502 subinde
635 1435 810 1504 vocabula
838 1460 857 1503 c
886 1436 991 1504 variis
1009 1437 1184 1505 membris
1204 1450 1287 1532 apte

92 1548 354 1641 coagmentatis
381 1545 554 1643 fingendi.
616 1548 700 1637 Quo
728 1549 763 1618 in
791 1574 924 1644 genere
951 1575 1138 1646 nunquam
1168 1552 1287 1647 lingua

92 1662 219 1732 Latina
245 1660 419 1733 Graecam
446 1665 633 1757 aequavit,
659 1663 839 1733 Senserita
866 1665 919 1733 rel
948 1665 1105 1735 Graecae
1131 1668 1288 1735 antecel-

92 1778 145 1846 lit.
200 1780 366 1847 Attamen
403 1804 477 1847 non
509 1779 618 1872 plane
645 1777 815 1847 destituta
850 1791 902 1847 est
934 1780 1147 1873 compositis
1180 1804 1289 1851 voca-

91 1893 187 1961 bulis
213 1892 333 1987 lingua
360 1892 505 1983 Latina,
538 1893 628 1984 nisi,
652 1892 796 1961 lastidio
823 1894 954 1962 saeculi
983 1895 1149 1988 Augustei
1176 1894 1289 1988 slucti,

90 2007 277 2097 Enniana,
304 2007 504 2076 Pacuviano
514 2061 525 2098 ,
557 2007 768 2077 Lucretiana
793 2008 969 2102 pleraque
1004 2032 1174 2103 respuere
1199 2012 1289 2080 veli-

91 2146 184 2191 mus.
226 2119 365 2209 Quidni
396 2134 431 2189 et
458 2122 567 2190 nobis
593 2120 733 2214 aliquid
760 2123 844 2192 novi
871 2122 1008 2217 fingere
1035 2125 1152 2216 liceat,
1176 2125 1288 2195 dum-

90 2236 207 2305 modo
242 2234 279 2305 id
306 2236 491 2330 analogiae
518 2237 562 2305 sit
588 2250 898 2330 consentaneum,
926 2262 1046 2333 neque
1072 2239 1133 2308 ulli
1169 2242 1289 2310 ambi-

88 2352 216 2448 guitati
262 2351 493 2420 obnoxiumil
559 2353 742 2422 Vocabula
783 2354 988 2447 composita
1036 2365 1114 2422 tum
1154 2356 1284 2447 poesin

89 2465 384 2562 splendidissime
412 2479 565 2557 ornant,
589 2479 668 2534 tum
698 2490 864 2562 magnam
889 2469 960 2537 vim
986 2467 1124 2536 babent
1151 2481 1187 2536 et
1213 2470 1287 2538 uti-

88 2583 228 2652 litatem
281 2581 319 2651 in
370 2582 593 2650 severiorum
636 2581 869 2649 scientiarum
911 2580 1124 2672 disciplina,
1163 2582 1288 2674 philo-

90 2698 267 2793 sophica,
292 2697 567 2786 mathematica,
594 2694 762 2789 physica,
789 2694 934 2764 concise
960 2705 995 2761 et
1022 2707 1187 2763 accurate
1213 2708 1288 2764 tra-

94 2810 229 2882 denda.
281 2812 377 2881 Haec
401 2811 585 2906 posterior
609 2809 798 2904 provincia
823 2808 973 2902 propria
999 2822 1052 2877 rst
1077 2833 1200 2878 earum
1229 2809 1288 2879 di-

90 2926 279 3016 ctionum,
318 2950 409 3021 quas
449 2924 658 2995 abstractas
698 2924 880 3018 appellare
922 2924 1050 2993 solent.
1118 2925 1287 3020 Utrisque

87 3040 213 3136 lingua
231 3039 411 3110 Sanscrita
438 3038 617 3130 abundat,
645 3039 859 3129 abstractas,
885 3052 1011 3107 contra
1037 3063 1140 3108 usum
1168 3040 1288 3134 plera-

91 3179 252 3250 rumque
277 3155 492 3248 linguarum,
520 3155 557 3223 in
585 3154 686 3248 poesi
714 3178 865 3248 quoquc
891 3153 1090 3222 liberaliter
1117 3153 1287 3224 admittit.

91 3271 219 3366 Negari
256 3270 405 3364 nequit,
441 3269 476 3339 in
512 3270 585 3339 boc
623 3270 731 3338 etiam
766 3292 899 3362 genere
932 3269 1088 3362 lingnam
1125 3268 1287 3339 Latinam

91 3385 202 3454 nimis
227 3386 385 3479 angustis
410 3384 546 3454 linibus
574 3409 649 3453 essc
671 3383 1000 3476 circumscriptam:
1029 3385 1181 3452 [lontani
1211 3409 1290 3455 ma-

91 3500 145 3594 gis
170 3499 282 3569 rebus
310 3498 458 3594 agendis
485 3500 579 3590 nati,
606 3522 716 3593 quam
752 3498 877 3565 otiosis
912 3497 1048 3591 ingenii
1080 3498 1288 3569 subtilitati-

86 3615 177 3706 bus,
206 3613 409 3709 quidquam
440 3617 475 3684 in
502 3612 672 3684 'sermone
699 3636 763 3681 suo
801 3611 963 3704 prolerre
991 3610 1287 3706 reformidarunt,

88 3728 193 3822 quod
222 3729 268 3798 ab
295 3752 362 3799 usu
389 3730 522 3824 vulgari
548 3729 773 3798 abhorreret.
826 3724 1000 3813 Qucritur
1028 3726 1285 3820 Quintilianus,

90 3868 186 3935 quae
222 3842 367 3938 Sergius
400 3846 536 3913 Flavius
571 3868 613 3912 ex
647 3842 784 3911 Graeco
821 3841 1057 3934 formaverat,
1084 3840 1285 3911 admodum

90 3955 184 4027 dura
209 3982 297 4027 esse.
355 3961 495 4029 Utinam
526 3961 628 4054 plura
655 3958 819 4026 Flaviana
845 3957 1078 4025 haberemus!
1129 3956 1287 4025 lllelioris

88 4095 132 4141 ea
167 4072 288 4142 lorent
315 4088 441 4166 notae,
474 4099 584 4168 quam
622 4098 716 4168 quae
750 4074 904 4141 seriores
935 4071 1190 4163 excogitarunt.
1244 4072 1287 4141 Ut

88 4210 191 4257 nunc
216 4212 254 4257 se
281 4213 337 4259 res
362 4190 486 4280 habet,
515 4190 645 4258 alieubi
675 4212 779 4256 more
800 4189 1048 4258 Romanorum
1075 4182 1287 4278 confugien-
