2842 4636
108 190 202 251 XLIV
452 213 455 218 ’
582 189 816 255 ΡΒΑΕῈΑΤΙΟ

113 379 312 453 litterarum
341 379 571 472 complexum
602 379 640 447 in
667 380 833 449 membra
858 403 921 448 sua
947 376 1152 474 dispescere
1178 379 1307 475 possit,

112 482 275 589 ipso‘r'nm
302 505 423 561 tamen
452 491 642 561 oculorum
678 516 821 592 errore,
855 518 950 587 quae
988 519 1091 564 mens
1123 493 1307 587 discrevit,

111 608 233 678 denuo
271 606 550 677 confundentur.
609 607 673 676 Vel
706 608 743 676 in
776 632 946 678 sermone
982 609 1100 703 patrio
1139 612 1307 704 quemvis

111 724 305 793 haesurum
334 744 410 791 esse
437 721 606 813 arbitror,
633 723 661 791 si
690 721 780 816 quid
808 723 985 817 copulatis
1010 724 1087 792 sine
1113 723 1306 794 intervallo

114 839 240 910 litteris
262 839 437 932 scriptum
462 836 585 906 subito
612 835 839 906 recitandum
868 836 899 905 ei
927 851 1208 932 proponeretur.

212 957 400 1025 Praeterea
433 953 484 1023 eis
516 953 599 1021 libri
626 952 797 1022 Sanscriti
826 951 1004 1043 eduntur,
1031 953 1096 1048 qui
1125 976 1306 1022 summanr

114 1071 218 1140 istam
239 1070 383 1163 linguae
400 1065 635 1136 difficillimae
659 1066 862 1136 facultatem
880 1065 1045 1136 nondum
1068 1080 1152 1136 sunt
1170 1066 1305 1162 adepti.

112 1185 366 1279 Quamobrem
384 1195 533 1276 magno·
556 1202 735 1251 consensu
762 1182 829 1251 viri
849 1181 962 1273 docti,
986 1205 1080 1277 quos
1101 1204 1210 1277 supra
1228 1206 1307 1250 me-

112 1298 271 1388 moravi,
297 1314 482 1388 censuere,
505 1295 711 1391 separanda
737 1320 813 1367 esse
839 1296 1036 1367 scribendo
1062 1298 1185 1389 verba,
1213 1320 1306 1392 qua-

110 1426 217 1482 tenns
242 1414 310 1482 rite
331 1413 489 1505 separari
517 1424 674 1505 possent.
734 1412 866 1483 Notum
897 1425 1016 1481 antem
1052 1424 1124 1503 est,
1161 1413 1198 1481 in
1232 1435 1307 1482 ser-

113 1553 223 1598 mone
258 1527 454 1599 Sanscrito·
476 1528 680 1622 permulta,
715 1527 915 1597 vocalitatis
950 1525 1136 1596 cuiusdam
1173 1528 1307 1622 gratia,

113 1643 203 1714 dum
227 1642 491 1713 littetafiualis
517 1655 552 1712 ct
578 1643 724 1712 initialis
751 1642 939 1741 sequentis
957 1642 1123 1711 vocabuli
1141 1654 1203 1711 aut
1221 1665 1306 1711 coa-

111 1759 251 1828 lescunt
277 1772 338 1828 aut
363 1757 614 1828 variis'modis
640 1782 717 1826 sese
751 1758 906 1827 invicem
935 1755 1116 1848 alliciunt,
1149 1756 1244 1826 inter
1269 1781 1306 1826 se

114 1874 421 1968 copulari,·quae
456 1874 690 1967 grammatice
723 1886 807 1942 sunt
836 1873 1008 1941 seiuncta.
1069 1869 1109 1939 ln
1144 1871 1244 1940 bisce
1277 1873 1304 1940 si

113 1986 212 2056 banc
236 1988 395 2080 regulam
421 2010 621 2080 ponamus,
647 1987 859 2080 ubicunqne
886 1982 1025 2079 aliquid
1057 1997 1235 2056 mutatum
1262 1987 1306 2056 sit

114 2099 153 2168 in
180 2101 309 2170 litteris
322 2101 517 2196 contiguis,
531 2101 714 2170 ¹vocabula
732 2102 930 2195 scriptione
952 2123 1028 2169 esse
1047 2100 1307 2192 continuanda,

115 2239 162 2284 ne
187 2215 324 2285 scilicet
342 2215 503 2284 effectus
534 2240 554 2284 a
580 2239 703 2284 caussa
729 2240 791 2284 sua
825 2215 1034 2306 divellatur,
1062 2215 1170 2284 nimis
1201 2217 1305 2287 arctis

113 2329 247 2399 finibus
272 2328 603 2399 circumscribenda
630 2330 722 2398 foret
747 2330 938 2424 separandi
970 2330 1126 2400 lacultas.
1189 2331 1306 2401 Satius

114 2458 168 2514 est
194 2445 322 2540 igitur,
351 2443 817 2538 naturalespronnntiandi
846 2446 939 2538 leges
966 2445 1062 2514 solas
1084 2458 1260 2540 spectare.

211 2562 326 2630 Recte
352 2560 502 2629 monuit·
525 2560 668 2628 bornus
694 2551 731 2628 in
760 2559 982 2654 praelatione
1007 2583 1069 2628 sua
1104 2559 1152 2630 ad
1180 2562 1306 2656 'episo-

115 2676 216 2747 dium
239 2675 285 2746 cle
302 2674 417 2766 Nolo,
440 2699 534 2770 quae
551 2676 587 2744 in
603 2675 765 2744 vocalem
788 2674 960 2744 desinunt
978 2687 1013 2743 et
1038 2697 1059 2743 a
1081 2691 1305 2746 consonante

118 2793 367 2887 excipiuntur,
401 2792 469 2860 rite
506 2792 664 2885 separari
701 2815 828 2885 posse,
862 2804 1124 2860 consonantem
1162 2791 1306 2862 finalem

120 2921 246 2977 contra
273 2929 355 2976 cnm
383 2906 498 2975 vocali
517 2907 683 3000 sequenti
713 2907 750 2974 in
770 2930 879 2976 unam
897 2906 1069 3001 syllabam
1092 2906 1305 2977 coalescere.

119 3020 233 3106 Quod
255 3023 283 3089 si
311 3046 516 3092 consonans
543 3022 580 3089 in
611 3022 684 3090 line
711 3022 877 3091 vocabuli
905 3023 950 3090 ab
979 3022 1051 3090 'alia
1082 3007 1308 3092 consonante

121 3136 319 3229 excipitur,
346 3136 490 3229 quoties
515 3136 620 3230 prior
639 3149 701 3206 aut
718 3159 842 3231 reapse
870 3151 922 3206 est
947 3138 1078 3228 tenuis,
1101 3149 1163 3206 aut
1191 3136 1230 3206 in
1255 3149 1308 3206 te-

120 3274 228 3318 nuem
256 3251 358 3342 abiit,
384 3251 467 3320 licet
491 3275 569 3320 eam
589 3275 772 3346 apocopes
791 3253 893 3347 signo
913 3253 1082 3348 apposito
1104 3277 1126 3322 a
1143 3251 1307 3348 sequenti

122 3365 301 3433 vocabulo
333 3389 520 3460 separare,
560 3365 681 3435 media
715 3365 833 3436 finalis
865 3391 974 3456 vero,
1012 3367 1086 3436 sive
1118 3369 1240 3437 tenuis
1272 3368 1307 3436 in

122 3478 281 3549 mediam
309 3482 482 3574 emollita,
509 3494 588 3578 eget
614 3506 685 3576 ope
711 3483 850 3552 litterae
875 3506 1046 3575 sonorae,
1072 3494 1111 3550 ut
1133 3484 1201 3552 rite
1223 3507 1308 3578 pro-

120 3597 277 3665 nuntiari
305 3599 428 3690 possit.
481 3599 557 3668 Hoc
582 3611 618 3667 et
642 3597 729 3667 inde
761 3611 879 3693 patet,
915 3595 1129 3693 qnodlndi
1165 3598 1203 3666 in
1239 3597 1307 3666 fine

122 3733 309 3802 versuum,
336 3712 398 3780 nbi
424 3714 633 3782 coniunctio
658 3713 858 3783 litterarum
882 3727 1007 3804 cessat,
1035 3711 1194 3783 mediam
1217 3726 1309 3783 sem'·

122 3826 251 3920 perio
278 3839 426 3895 tenuem
454 3840 692 3897 commutant.

223 3940 442 4035 Excipienda
470 3954 589 4012 tamen
619 3955 672 4011 est
697 3943 885 4011 conversio
906 3942 1051 4036 spiritus
1069 3939 1187 4010 finalis
1207 3931 1307 4028 (tansi)

126 4055 163 4123 in
190 4054 393 4126 sibilantem
423 4056 476 4125 vel
505 4058 621 4154 replto
648 4060 949 4153 superscriptum:
981 4057 1071 4127 haec
1098 4058 1197 4126 enim
1226 4080 1310 4126 con-

127 4172 352 4240 iunctionem
387 4171 648 4242 vocabulorum
679 4173 857 4267 postulat,
889 4171 1046 4263 etiamsi,
1077 4168 1123 4239 ad
1152 4183 1308 4240 nostrum
