2842 4636
163 165 255 227 XLVl
643 172 874 231 PRAEFATIO

163 351 278 423 lusam
306 349 514 420 redderent.
567 350 729 423 Sufficiat
762 355 991 449 exernplum,
1025 353 1128 450 quod
1153 355 1208 425 vir
1234 356 1357 426 claris-

165 468 277 537 simus
301 467 339 535 Τ.
369 467 408 534 H.
438 465 654 536 Coaaeaoona
682 469 717 538 iu
746 468 990 540 Grammatica
1016 493 1079 539 sua
1104 494 1140 563 p.
1163 475 1210 542 30
1237 471 1357 542 aduo-

162 582 266 676 tavit,
293 581 510 651 vocabulum
535 574 637 650 assir
663 581 864 652 secundum
887 584 1118 676 quorundam
1145 588 1357 680 grammati-

164 722 291 768 corum
318 708 512 791 praecepta
539 710 685 766 centum
719 711 755 767 et
793 711 877 767 octo
910 697 1061 770 diversis
1096 700 1217 770 modis
1247 704 1356 773 scribi

161 837 280 908 posse.
321 813 415 882 llaec
442 835 563 880 merae
590 826 674 881 snut
701 837 816 907 nugae
843 827 879 883 et
902 838 992 884 vana
1009 815 1215 885 subtilitatis
1232 829 1357 886 osten-

159 927 262 998 tatio.
300 929 396 997 Bene
423 926 615 996 nobiscum
643 941 763 997 actum
783 943 848 1020 est,
877 929 980 1025 quod
998 931 1149 1022 librarii,
1172 929 1219 1000 ad
1243 929 1354 999 finem

162 1043 297 1112 laboris
323 1043 376 1112 sui
403 1055 665 1138 properantes,
693 1044 872 1115 eiusmodi
906 1057 1114 1115 commenta
1146 1070 1222 1113 non
1251 1069 1356 1114 cura·

162 1172 258 1228 runt.
322 1156 424 1246 Quid
463 1158 611 1248 attinet,
645 1182 807 1252 quaeso,
846 1160 982 1229 litteras
1017 1161 1222 1251 cumulare,
1261 1184 1356 1254 quae

163 1298 231 1343 nec
258 1273 428 1342 distincte
453 1272 704 1367 pronuntiari,
729 1299 850 1369 neque
875 1273 999 1344 auditu
1025 1274 1164 1369 percipi
1189 1288 1356 1370 possunt,

141 1414 229 1458 „nec
256 1387 417 1482 denique
443 1386 490 1457 ad
517 1389 757 1482 quantitatem
785 1387 1031 1458 definiendam
1060 1388 1265 1484 quidquam
1292 1414 1355 1459 ra-

158 1503 255 1596 lent,
281 1503 462 1574 rationem
496 1527 581 1573 vero
611 1505 889 1599 etymologicam
922 1504 1030 1598 planc
1063 1505 1212 1574 turbant
1243 1519 1354 1600 atque

158 1618 351 1689 evertunt?
403 1616 707 1713 Quotiescunque
730 1619 894 1714 pluribus
928 1618 1050 1688 modis
1072 1620 1232 1689 scribere
1258 1621 1354 1712 licet,

153 1735 466 1829 ,simplicissimum
494 1733 774 1828 praeferendum
803 1757 879 1804 esse
898 1734 1076 1803 existimo.
1116 1734 1239 1823 Quare
1267 1736 1354 1805 citra

162 1850 411 1918 necessitatem
437 1850 638 1944 geminatas
671 1850 805 1919 litteras
837 1850 978 1919 exulare
1004 1850 1105 1941 iussi,
1130 1873 1189 1919 eas
1215 1863 1355 1943 contra,

154 1988 257 2058 quae
284 1978 380 2032 certa
416 1964 574 2059 quadam
607 1963 796 2035 derivandi
832 1965 952 2059 regula
978 1966 1161 2054 nituntur,
1188 1980 1354 2035 accurate

162 2078 382 2157 conservavi.
442 2080 502 2148 Ex.
532 2104 582 2174 gr.
621 2081 741 2151 miuus
775 2093 871 2149 recte
903 2080 1073 2149 scribitur
1103 2099 1170 2174 {sgr
1194 2098 1252 2148 ma
1275 2102 1352 2173 aaa,

163 2195 285 2288 qualia
318 2194 451 2287 passim
479 2209 602 2264 tamen
634 2195 673 2264 iu
706 2195 809 2264 libris
843 2193 948 2264 editis
982 2195 1166 2290 leguntur,
1191 2219 1260 2290 pro
1286 2217 1357 2296 {gt

137 2329 222 2384 „aaa
245 2331 308 2378 aaa
333 2322 370 2377 et
394 2310 446 2378 sic
468 2335 592 2404 porro.

286 2423 389 2494 Haud
428 2423 654 2494 mediocrem
704 2422 752 2492 ad
795 2425 1091 2519 perspicuitatem
1130 2425 1204 2493 vim
1243 2425 1356 2495 habet

163 2543 369 2638 aphaeresis
402 2541 544 2636 signum
574 2545 636 2631 (s),
669 2553 895 2634 quapropter
925 2540 1065 2634 ubique
1099 2540 1180 2610 loco
1216 2562 1282 2608 suo
1319 2539 1356 2609 id

156 2659 328 2753 apposui.
389 2658 540 2727 Librarii
576 2655 673 2726 istud
708 2657 925 2751 plerumque
959 2656 1160 2750 negligunt,
1195 2653 1357 2725 editores

136 2862 138 2868 Ι
161 2771 406 2844 Calcuttenses
433 2799 508 2842 non
536 2796 617 2841 raro
646 2783 784 2861 notam,
807 2772 915 2839 toties
937 2771 982 2838 ab
1000 2771 1087 2863 ipsis
1110 2794 1264 2864 quoque
1290 2795 1357 2840 ne-

161 2889 327 2982 glectam,
354 2889 472 2956 alieno
499 2889 582 2955 loco
609 2897 814 2979 apponunt,
841 2909 893 2953 ex.
912 2910 962 2978 gr.
989 2897 1030 2952 ut
1056 2883 1272 2978 significent,
1297 2887 1358 2956 lit-

163 3027 241 3071 ram
268 3016 293 3070 'a
318 3003 371 3072 rel
396 3024 433 3068 au
457 3003 560 3070 initio
593 3001 759 3070 vocabuli
788 3024 871 3068 cum
906 2999 1034 3069 eadem
1072 3001 1108 3070 iu
1139 2999 1213 3070 fine
1249 3027 1357 3097 prae·

164 3116 329 3187 cedentis
352 3118 390 3184 in
416 3117 591 3209 singulam
625 3113 843 3208 productam
871 3139 946 3183 esse
972 3127 1207 3185 contractam.
1263 3118 1357 3187 llaec

152 3216 318 3301 'omuino
344 3255 419 3299 non
446 3244 498 3300 est
519 3230 747 3324 aphaeresis,
769 3229 832 3300 sed
859 3231 1091 3325 synaloephe.

263 3348 394 3417 Verum
422 3344 467 3416 de
494 3345 754 3439 orthographia
781 3344 891 3415 fusius
915 3347 953 3413 in
975 3347 1210 3441 grammatica
1227 3345 1357 3444 dispu-

162 3477 240 3533 tare
280 3463 478 3558 oportebit.
537 3460 780 3533 Vehementer
814 3474 936 3529 autem
971 3474 1024 3530 est
1055 3461 1285 3555 optandum,
1317 3477 1360 3534 ut
1399 3464 1404 3471 '

164 3580 230 3647 viri
258 3577 357 3648 docti
383 3577 555 3648 dehisce
582 3577 746 3647 minutiis
771 3577 866 3645 inter
891 3601 928 3644 se
956 3578 1204 3669 consentiant,
1231 3602 1279 3648 ne
1305 3579 1360 3649 le-

165 3708 265 3785 ctor,
293 3695 437 3788 quoties
466 3719 601 3765 novum
628 3694 761 3762 librum
788 3691 1009 3761 Sansoritum
1035 3691 1185 3784 adierit,
1212 3693 1359 3764 diverso

159 3808 348 3879 scribendi
383 3810 477 3878 mori
515 3807 726 3877 adsuescere
759 3819 917 3900 cogatur.
978 3807 1031 3874 Dc
1062 3808 1228 3901 plurimis
1262 3809 1360 3877 inter

166 3951 228 3995 eos
256 3925 327 3994 iam
354 3924 551 3993 convenire
577 3922 708 4014 rideo,
743 3920 789 3990 de
823 3922 972 4016 reliquis
1003 3946 1109 4016 spero
1138 3948 1214 3993 non
1249 3924 1364 3994 nimis

165 4038 296 4110 acriter
310 4037 551 4133 disceptatum
568 4037 627 4105 iri:
647 4036 737 4106 nihil
758 4036 856 4104 enim
874 4037 986 4131 magis
999 4035 1166 4132 displicet
1183 4039 1361 4132 castigato

160 4154 687 4249 erarditorumllnropaeorum
714 4149 864 4243 iudicio,
892 4153 1161 4245 quam-otiosae
1180 4153 1357 4248 argutiae.
