2842 4636
637 194 865 256 rustrt'rto

301 377 446 472 Anglos,
473 371 608 445 deinde
636 376 734 470 apud
759 376 898 471 Indiae,
926 382 989 475 qui
1017 395 1104 454 tuuc
1123 384 1203 476 luit,
1226 387 1347 483 impe-

298 506 469 563 ratorem.
521 489 645 561 Codex
671 493 735 562 hic
762 493 890 564 litteris
916 497 1151 570 crassioribus
1178 516 1344 574 exaratus

302 609 339 678 in
367 608 512 699 charta,
538 607 605 676 uisi
638 607 761 699 fallor,
797 634 873 678 non
899 612 944 680 ab
981 613 1184 708 opificibus
1208 616 1344 690 ludici-s

302 737 539 819 praeparata,
563 721 627 792 sed
652 748 692 792 ex
718 723 863 819 Europa
890 727 1015 821 allata,
1042 754 1062 799 a
1088 731 1209 801 minus
1236 732 1347 804 docta

302 865 414 910 manu
446 839 629 935 proiectus
663 852 736 930 est,
775 865 853 910 uon
881 854 1005 912 tamen
1035 845 1145 938 plane
1177 860 1347 917 coutem-

302 955 454 1026 nendus.
509 955 671 1025 Omnino
700 953 816 1026 codd.
852 959 891 1026 tt.
924 971 960 1028 et
992 957 1030 1028 C.
1066 963 1228 1056 optimae
1263 977 1347 1034 strnt

301 1083 430 1162 uotae,
459 1067 549 1139 (lod.
570 1072 608 1138 t.
628 1072 894 1140 commentario
913 1095 991 1142 sese
1010 1077 1259 1171 com-endas,
1283 1104 1344 1149 ce·

301 1199 420 1257 terum
440 1186 608 1279 castigata
621 1185 799 1278 scriptura
816 1185 928 1256 hosce
940 1186 1092 1257 fortasse
1109 1215 1185 1259 non
1198 1206 1345 1288 aequat.

250 1302 302 1374 Ne
328 1301 541 1395 cuiusquam
571 1301 607 1369 iu
625 1299 939 1395 Bhagavad-Gltae
954 1316 1054 1372 textu
1075 1318 1238 1375 navatam
1255 1330 1347 1400 ope-

154 1441 231 1488 ram
259 1416 440 1488 invidiose
468 1415 709 1485 dissimulasse
737 1415 877 1509 videar,
899 1419 1013 1488 verbo
1040 1418 1269 1489 monendum
1294 1433 1347 1489 est

153 1530 199 1601 de
225 1533 403 1628 excerptis
430 1558 471 1608 ex
494 1533 570 1602 ‘hoc
595 1532 769 1624 carmine,
796 1558 891 1627 quae
919 1533 1094 1604 &suanus
1110 1537 1228 1627 Ferus,
1254 1560 1347 1630 pro·

152 1646 263 1717 fessos
299 1649 620 1744 llerlsipol-itanus,
658 1645 976 1720 Chrestomatlriae
1015 1674 1100 1722 suae
1140 1651 1342 1722 Sanscritae

152 1765 244 1858 parti
268 1764 449 1835 secundae
475 1765 644 1835 inseruit..

254 1881 473 1951 Prodierunt
492 1905 535 1950 ea
557 1905 654 1949 anno
677 1875 943 1970 Mucccxxl,
969 1902 1044 1974 quo
1072 1893 1241 1974 tempore
1268 1881 1339 1950 iam

153 1995 278 2067 omnia
296 1995 477 2090 praesidia
495 1995 541 2065 ad
559 1995 761 2085 editionem
785 2019 905 2064 meam
921 1994 1213 2064 concinnandam
1238 2021 1347 2090 para-

152 2134 292 2180 veram:
320 2110 383 2180 sed
400 2111 540 2181 etiamsi
559 2111 673 2179 multo
692 2110 791 2205 prius
809 2110 848 2178 in
874 2133 1003 2179 manus
1030 2133 1129 2179 meas
1151 2111 1348 2202 venisseut,

153 2225 245 2295 nihil
264 2225 467 2321 quidquam
499 2227 536 2294 in
563 2226 631 2294 illis
648 2250 706 2294 me
726 2226 887 2294 visurum·
912 2224 1019 2295 fuisse
1046 2224 1215 2311 arbitror,
1243 2226 1347 2321 quod

152 2341 198 2409 ab
217 2341 382 2412 instituto
410 2367 493 2411 meo
522 2339 704 2412 deterrere
731 2365 790 2408 me
816 2352 950 2434 posset.
983 2339 1136 2409 Exlniltct
1164 2340 1347 2432 Frankius,

154 2457 276 2527 nescio
304 2482 379 2552 quo
406 2458 578 2547 consilio,
607 2480 802 2526 carmena
838 2456 956 2549 capite
982 2467 1021 2524 et
1051 2454 1125 2524 fine
1151 2478 1345 2526 mancum:

152 2572 315 2666 priorum
339 2566 502 2669 ‘quatuor
528 2573 725 2642 lectionum
746 2571 829 2642 loco
847 2570 992 2658 selecta,
1019 2583 1213 2664 sequentes
1230 2593 1347 2665 usque

150 2686 199 2756 ad
223 2690 366 2759 tertiam
395 2688 575 2758 decimam
604 2689 768 2782 integras.
821 2687 955 2756 llarum
982 2697 1119 2755 textum
1147 2684 1251 2754 dedit
1275 2711 1347 2755 uu-

152 2801 241 2872 dum
267 2804 345 2873 sine
371 2805 441 2874 ulla
468 2801 808 2894 animadversione,
835 2801 997 2895 priorum
1027 2800 1203 2892 excerptis
1229 2800 1348 2869 inter-

152 2919 403 3011 pretationem
424 2917 588 2988 addidit:
623 2917 788 3010 quamsi
818 2916 907 3010 quis.
935 2914 1128 3010 intelligit,
1158 2939 1226 2983 nae
1263 2940 1348 2985 eum

152 3057 212 3101 me
237 3034 456 3128 sagaciorem
486 3056 584 3122 esse,
617 3031 772 3100 libenter
799 3031 925 3100 lateor.
989 3029 1141 3101 Sustulit
1170 3031 1350 3100 nonnulla

152 3146 288 3216 menda
314 3146 485 3215 editionis
512 3143 757 3236 Calcutteusis,
784 3145 897 3214 multo
924 3147 1028 3240 plura
1053 3143 1247 3214 subsistere
1265 3169 1348 3239 pas-

151 3286 211 3331 sus
235 3274 307 3354 est,
335 3285 450 3331 novos
477 3283 617 3330 errores
641 3258 687 3329 dc
715 3284 780 3330 suo
809 3259 907 3330 haud
941 3285 1077 3355 paucos
1106 3284 1260 3330 numero
1287 3260 1348 3330 in-

152 3377 266 3446 vexit:
294 3376 341 3447 de
376 3378 510 3471 quihus
544 3375 716 3445 omnibus
749 3377 925 3446 lectorem
962 3401 1007 3445 ne
1042 3377 1156 3446 verbo
1190 3373 1345 3470 quidem

153 3491 445 3564 commonefecit.
499 3489 666 3560 Ceterum
695 3491 731 3560 in
768 3490 950 3560 scribendi
977 3491 1146 3581 ratione,
1166 3503 1349 3584 quatenus

153 3634 195 3678 ea
229 3610 419 3679 scribentis
460 3609 611 3679 arbitrio
653 3607 893 3701 permittitur,
941 3630 1062 3701 presse
1102 3618 1247 3674 secutus
1296 3616 1352 3673 est

154 3724 355 3795 editionem
391 3722 673 3814 Calcuttensem,
707 3722 860 3792 servavit
896 3720 1005 3791 etiam
1044 3744 1185 3789 monem
1224 3717 1350 3811 istum,

153 3839 300 3934 dequo
328 3863 412 3910 mox
440 3862 598 3933 agemus,
624 3835 903 3906 incommodum
930 3860 1030 3927 sane,
1057 3836 1166 3905 verba
1194 3857 1262 3927 per
1290 3832 1350 3902 in-

154 3968 274 4049 tegros
300 3978 422 4024 versus
449 3948 699 4022 continuandi.
753 3953 931 4045 Apparet,
966 3975 1048 4019 curu
1077 3949 1181 4018 nullu
1204 3948 1275 4017 alio
1305 3972 1351 4018 ex

154 4067 273 4152 fonte,
307 4093 421 4163 quam
453 4092 497 4135 ex
531 4067 622 4156 hoc,
660 4078 797 4134 textum
834 4090 938 4134 suum
973 4063 1163 4134 derivasse.
1233 4061 1354 4155 Adde,

154 4180 257 4277 quod
287 4183 439 4278 paginae
473 4182 580 4253 huius
607 4177 919 4252 Chrestomatltiao
944 4181 1115 4275 squalent
1136 4178 1356 4270 litterarum,
