2842 4636
451 199 681 262 cuutsTtaNt
712 202 891 261 tasstttt.
1232 204 1270 262 tx

73 386 219 476 Quibus
244 389 352 458 rebus
378 389 577 482 perpensis,
604 413 685 478 non
705 413 899 482 possumus
919 387 1010 482 quin
1032 389 1270 458 assentiamur

74 505 126 574 eis
150 503 340 595 laudibus,
374 504 509 598 quibus
540 504 634 572 hanc
672 504 877 572 versionem
905 502 1042 572 extollit
1063 503 1123 573 Vir
1150 503 1196 571 ill.
1224 502 1267 574 G.

74 645 112 689 aa
137 619 382 709 Hunnotnr*),
408 618 665 712 simplicitatis,
692 618 888 708 brevitatis,
912 619 1106 728 grpvitatis,
1127 617 1269 712 perspi-

76 735 235 826 cuitatis,
269 733 485 828 elegantiae,
511 734 747 826 sinceraeque
775 733 890 801 Latini
924 734 1103 802 sermonis
1135 733 1268 803 indolis

74 850 223 919 virtutes
262 849 294 917 ei
329 849 549 940 attribuens,
586 872 706 942 neque
741 846 927 942 indignam
968 873 1047 916 eam
1079 873 1269 918 censemus

76 966 210 1034 sociam
248 964 513 1059 praeclararum
558 963 698 1032 illarum
737 963 945 1032 versionum
982 963 1018 1033 in
1059 987 1267 1032 sermonem

74 1079 308 1149 vernaculum
344 1077 544 1169 laetarum,
578 1078 711 1171 quibus
744 1091 849 1148 antea
878 1079 1029 1173 gloriam
1066 1102 1267 1173 perennem

66 1193 143 1263 sibi
173 1206 447 1286 comparaverat
472 1192 705 1286 Schlegelius.

174 1309 254 1379 Nou
279 1308 437 1377 alienum
466 1305 627 1400 denique
653 1307 698 1376 ab
725 1306 798 1375 hoc
833 1307 914 1376 loco
951 1306 1098 1375 videtur·
1127 1307 1173 1377 de
1201 1308 1269 1378 bac

78 1423 241 1493 editione
284 1419 568 1515 Bhagavadgitae
609 1444 925 1511 commemorare,
960 1421 1121 1515 primum
1164 1423 1269 1494 luisse

76 1540 230 1629 librum,
265 1537 327 1631 qui
360 1536 397 1604 in
429 1536 536 1605 terris
565 1536 731 1629 Europae
766 1536 1038 1605 continentibus
1072 1526 1269 1630 exscriptus

77 1654 183 1723 luerit
226 1653 321 1746 typis
358 1651 659 1745 Devanagaricis,
704 1674 861 1744 quorum
904 1651 1125 1743 supellectile
1165 1655 1270 1747 Regia
1386 1672 1390 1680 ’

80 1767 341 1856 munificentia,
366 1765 569 1861 Schlegelio
596 1789 763 1855 suasore,
791 1789 994 1857 eorumque
1019 1765 1272 1836 conficiendo-

76 1907 155 1952 rum
183 1895 376 1972 curatore,
408 1879 641 1950 Academiam
667 1880 877 1949 Rhenanam
906 1880 1027 1973 paullo
1064 1893 1168 1951 antea
1201 1880 1271 1951 do-

76 2009 231 2066 naverat.
1059 2077 1063 2092 Ι

174 2111 311 2182 Novam
340 2108 545 2179 editionem
566 2108 672 2190 haud
695 2109 742 2178 ita
766 2111 871 2206 longe
899 2123 983 2205 post
999 2109 1165 2180 meditari
1184 2135 1271 2180 coe-

76 2228 130 2322 pit
163 2225 407 2320 Schlegelius,
442 2225 480 2294 in
514 2249 587 2320 qua
623 2224 875 2318 praeparanda
911 2240 1006 2296 recte
1041 2228 1199 2318 censuit,
1232 2226 1269 2296 id

78 2343 271 2436 praecipue
299 2365 375 2410 esse
402 2341 604 2436 agendum,
632 2354 672 2410 ut
705 2342 954 2436 interpretatio
992 2367 1272 2437 recognoscere-

77 2468 145 2545 tur,
162 2481 276 2550 quum
294 2470 412 2525 textus
431 2456 601 2525 carminis
614 2457 842 2549 paucissimis
856 2458 1013 2552 exceptis
1036 2458 1123 2527 locis
1143 2457 1189 2527 ad
1207 2482 1270 2527 ve-

80 2594 154 2639 ram
183 2572 398 2665 scripturam
427 2573 499 2640 iam
525 2585 712 2640 revocatus
735 2571 929 2640 videretur.
960 2571 1129 2641 Subsidia
1149 2587 1269 2642 autem

79 2684 388 2779 interpretationis
409 2687 516 2781 longe
542 2686 730 2755 utilissima
750 2709 790 2754 ex
818 2686 1089 2754 commentariis
1112 2686 1270 2755 scholia·

81 2811 213 2867 starum
242 2798 400 2895 petenda
427 2826 503 2870 esse
523 2826 636 2896 quum
660 2802 903 2883 intellexisset
931 2826 972 2870 ea
991 2801 1271 2894 circumspicere

78 2912 233 2983 institnit
272 2929 308 2984 et
346 2915 466 2986 oblata
507 2930 715 3012 opportuna
756 2917 967 3008 occasione,
1006 2914 1093 2985 dum
1133 2916 1270 2983 mensi-

79 3027 144 3097 bus
176 3029 395 3100 hiemalibus
422 3055 603 3101 annorum
634 3029 898 3101 Mucccxxxl
927 3044 963 3100 et
980 3026 1269 3099 MDCCCXXXll.

80 3141 240 3213 lutetiae
268 3146 485 3214 Parisiorum
514 3146 833 3235 commorabatur,
872 3159 989 3214 totum
1017 3142 1272 3233 Crtdharasva-

82 3258 187 3326 minis
215 3259 518 3328 commentarium
539 3259 575 3327 in
596 3258 896 3354 Rhagavadgitam
924 3284 966 3329 ex
989 3258 1117 3329 codice
1135 3260 1273 3329 biblio-

78 3369 204 3440 thecae
232 3373 361 3467 Regiae
389 3370 590 3466 descripsit.
634 3373 717 3442 Mox
744 3395 794 3442 ex‘
811 3375 940 3442 itinere
968 3371 1080 3442 redux
1098 3398 1274 3468 novoque

79 3481 148 3553 hoc
181 3485 346 3555 subsidio
373 3487 579 3577 instructus,
605 3499 742 3556 textum
769 3488 853 3556 libri
874 3487 1066 3582 diligenter
1091 3512 1271 3582 recogno-

82 3599 146 3690 vit,
176 3601 380 3669 versionem
409 3601 571 3670 Latinam
601 3601 829 3692 emendavit,
857 3603 1112 3672 annotationes
1137 3603 1273 3696 prioris

84 3709 252 3784 editionis
278 3718 501 3807 retractavit,
532 3741 718 3810 novasque
750 3715 893 3785 addidit
926 3730 961 3786 et
987 3731 1086 3788 tanta
1118 3716 1269 3813 quidem

130 3926 159 4011 *)
187 3932 268 3998 rna.
285 3936 427 4019 Brun,
442 3936 567 4030 potr.
595 3941 677 4031 opp.
691 3941 774 4006 con.
791 3939 951 4032 t,p.136.
977 3942 1147 4008 similibus
1161 3941 1270 4005 tauri.

83 4039 141 4107 hus
166 4048 374 4136 praedicavit
400 4081 470 4120 eam
498 4057 531 4118 in
557 4053 789 4121 dissertatione
814 4080 890 4121 mox
917 4054 1058 4134 laudata,
1076 4081 1107 4146 p.
1125 4059 1154 4122 7.
1184 4056 1268 4145 Opp.

86 4152 165 4222 Coll.
192 4161 217 4241 t,
241 4188 273 4254 p.
293 4163 351 4233 34,
